3734 5484
457 783 518 842 lea
713 794 848 839 JOANNIS
865 795 1142 841 sanusnnrunrrsrs
1312 780 1357 853 [A.
1376 797 1406 839 n.

452 949 548 1011 lictus
574 947 644 1011 est?
678 941 780 1028 finfgat
806 948 862 1031 qui
887 949 1038 1011 voluerit:
1074 949 1151 1030 quia
1180 949 1314 1011 inveniri
1341 970 1406 1011 non

452 1061 557 1132 potest
579 1050 611 1111 in
635 1060 703 1113 tota
725 1051 805 1113 serie
829 1071 989 1114 sacrarum
1013 1051 1251 1134 scripturarum,
1266 1050 1323 1113 scd
1344 1073 1405 1113 nec

452 1153 601 1235 antiquus
614 1153 736 1215 dierum
751 1154 893 1216 mendax
904 1154 1093 1225 invenietur,
1103 1154 1156 1235 qui
1167 1173 1201 1214 se
1213 1154 1405 1215 voluntatem

454 1254 631 1317 timentium
654 1277 687 1318 se
710 1256 854 1340 promisit
874 1278 944 1318 esse
964 1255 1130 1318 facturum.
1177 1254 1310 1317 Arrham
1333 1274 1407 1335 pro-

453 1354 616 1420 missionis
631 1358 727 1441 hujus
742 1359 936 1440 accepimus
946 1357 1013 1440 jam
1029 1356 1212 1439 pollicentis
1227 1356 1409 1437 experimur

453 1456 561 1534 fidem,
577 1469 608 1521 et
623 1458 801 1521 miserentis
817 1458 969 1521 sentimus
989 1460 1138 1519 affectum
1155 1457 1210 1537 qui
1227 1458 1410 1518 consolatur

454 1581 513 1622 nos
527 1560 560 1622 in
577 1561 665 1622 omni
681 1561 885 1624 tribulatione
899 1570 1014 1623 nostra.
1047 1560 1186 1631 Quintus
1201 1579 1304 1621 annus
1319 1558 1410 1620 exilii

455 1660 518 1723 mei
534 1662 697 1738 evolvitur,
714 1672 746 1725 et
766 1683 842 1725 ecce
867 1683 966 1744 quum
982 1661 1061 1724 milri
1081 1660 1162 1722 nihil
1185 1672 1257 1722 ante
1275 1659 1409 1722 desuerit

454 1763 577 1840 solacii,
602 1765 748 1826 cumulus
773 1775 822 1826 est
846 1762 934 1846 quod
959 1762 1104 1826 ecclesiae
1127 1762 1259 1824 libertas
1286 1761 1409 1823 ridetur

454 1873 556 1925 astare
578 1884 637 1946 pro
660 1864 788 1941 foribuS,
807 1876 840 1926 et
863 1887 920 1946 pro
943 1875 1031 1947 parte
1049 1861 1117 1946 jam
1142 1862 1256 1945 pedem
1279 1862 1352 1924 fixit
1373 1863 1407 1924 iu

454 1964 569 2029 insula.
614 1966 830 2029 Renunciavit
851 1966 938 2028 enim
960 1987 1029 2041 rex,
1054 1965 1137 2027 sicut
1157 1966 1281 2042 nuncii,
1305 1967 1408 2030 cardi·

454 2065 575 2127 nalium
599 2075 794 2139 attestantur,
815 2066 1007 2149 quibusdam
1030 2065 1315 2130 consuetudinibus
1336 2088 1409 2149 pes-

455 2166 555 2243 simiS,
577 2189 655 2249 quas
676 2179 783 2231 tamen
807 2178 880 2231 ante
905 2176 1113 2230 consueverat
1132 2166 1309 2245 vendicare,
1334 2188 1408 2229 cum

449 2265 633 2349 juramento
662 2268 821 2332 detestans
845 2270 915 2331 illas
938 2280 970 2331 et
991 2278 1137 2331 auctores
1160 2289 1277 2329 earum.
1323 2268 1409 2332 Con-

455 2372 551 2434 sentit
564 2381 601 2434 ut
614 2373 748 2435 liberum
765 2373 806 2435 sit
820 2371 862 2435 ad
877 2371 985 2435 sedem
1001 2372 1212 2454 apostolicam
1228 2374 1406 2455 appellare:

454 2483 491 2535 ut
506 2474 615 2537 clerici
630 2474 671 2537 ad
687 2476 841 2538 secularia
851 2474 977 2559 judicia
991 2496 1058 2536 non
1073 2474 1249 2536 trahantur:
1274 2487 1306 2537 et
1321 2497 1406 2557 quae-

456 2573 530 2638 dam
546 2577 617 2653 alia,
633 2598 707 2659 quae
727 2577 774 2639 sic
791 2577 912 2639 utinam
932 2577 1080 2659 probaret
1095 2575 1189 2651 facte,
1205 2576 1288 2638 sicut
1303 2576 1408 2639 firmat

455 2677 595 2760 eloquio,
624 2678 811 2741 cardinales
822 2679 943 2741 nullam
954 2677 1076 2740 habent
1086 2676 1120 2738 in
1131 2676 1409 2760 archiepiscopum

456 2788 663 2859 potestatem:
702 2789 735 2842 et
757 2778 842 2862 jussi
871 2789 947 2842 sunt
975 2778 1091 2841 litteris
1115 2779 1299 2860 apostolicis
1329 2800 1410 2861 quas

456 2898 560 2960 nuper
575 2890 774 2962 receperunt,
789 2880 940 2960 Angliam
962 2902 1027 2941 non
1049 2880 1165 2941 intrare
1187 2898 1290 2963 neque
1311 2880 1410 2943 intro-

457 2978 580 3040 mittere
596 3000 630 3041 se
646 2980 685 3041 de
702 2980 999 3044 consecrationibus
1020 2981 1255 3063 episcoporum,
1272 2981 1322 3042 vel
1338 2981 1409 3043 aliis

456 3078 547 3157 regni
563 3078 715 3157 negotiis:
739 3080 801 3142 nisi
817 3082 905 3161 prius
921 3082 1143 3144 cantuariensi
1164 3082 1409 3164 archiepiscopo

444 3198 524 3259 ,pax
539 3177 724 3259 plenissima
743 3180 836 3241 suerit
859 3180 1035 3243 reformata.
1081 3180 1162 3243 Aliis
1184 3203 1313 3264 quoque
1330 3204 1409 3265 prae-

458 3288 588 3359 ceptum
614 3284 670 3358 est¹
688 3277 745 3353 eis,
772 3287 806 3338 ut
832 3278 919 3340 omui
947 3279 1161 3361 appellatione
1192 3294 1337 3343 cessante
1361 3303 1409 3344 re-

458 3387 582 3457 ponant
610 3376 643 3438 in
669 3377 861 3441 anteriorem
891 3377 1081 3440 sententiam
1112 3380 1411 3443 excommunicatos

458 3477 582 3542 domini
605 3479 854 3558 Cantuariensis,
882 3479 937 3563 qui
962 3478 1153 3541 videbantur
1175 3481 1325 3557 absoluti,
1349 3483 1412 3545 nisi

459 3581 656 3644 satisfaciant
670 3580 894 3656 incontinenti,
906 3580 1107 3643 restituentes
1121 3580 1168 3642 illi
1184 3593 1215 3643 et
1230 3581 1295 3644 suis
1310 3585 1412 3646 eccle·

460 3680 577 3742 siarum
592 3682 812 3761 possessiones
826 3690 859 3743 et
873 3680 981 3742 omnia
1002 3674 1072 3763 quae
1092 3680 1169 3742 inde
1188 3693 1411 3763 perceperunt.

459 3779 696 3843 Londoniensis
711 3783 882 3864 episcopus
903 3781 1120 3860 cardinalibus
1137 3781 1348 3847 denunciatus
1364 3794 1414 3847 est

460 3882 758 3945 excommunicatus
784 3891 818 3943 et
843 3881 974 3943 domino
1001 3904 1105 3965 papa,
1129 3906 1172 3946 ox
1198 3885 1305 3947 causis
1332 3908 1412 3968 quas

460 4002 641 4065 percurrere
658 3982 789 4063 longum
809 3994 866 4045 est.
911 3984 1119 4046 Innotescent
1138 3984 1209 4047 haec
1230 4005 1289 4067 per
1305 4009 1371 4064 vos,
1386 3988 1413 4051 si

460 4081 625 4163 placuerit,
646 4079 776 4144 domino
798 4080 963 4164 episcopo,
989 4083 1042 4146 cui
1063 4082 1137 4145 ideo
1164 4084 1272 4148 minus
1295 4088 1413 4165 scribo,

459 4204 501 4245 ne
524 4204 594 4245 mea
617 4183 792 4246 necessitas
816 4184 875 4245 sub
900 4185 1036 4247 obtentu
1060 4185 1236 4249 litterarum
1259 4190 1410 4271 quaesisse

460 4283 612 4361 videatur,
635 4286 836 4348 occasionem
859 4285 1077 4350 mendicandi.
1125 4286 1223 4349 Unde
1246 4308 1410 4371 nunquam

460 4385 520 4445 sub
543 4384 632 4446 exilii
657 4384 751 4469 hujus
775 4385 921 4464 angustia
945 4386 1149 4450 scribendum
1174 4387 1283 4450 censui
1308 4388 1411 4471 suspi-
