3734 5484
481 772 539 830 lle
766 786 902 830 ronnurs
921 784 1204 829 snrrnsnnrrrnusrs
1339 765 1384 844 [n.
1404 785 1434 827 o.

496 1025 717 1087 EPISTOLA
748 1023 986 1087 cerens-n
1016 1040 1220 1085 converrunt
1253 1039 1419 1083 nccnnsrn

682 1142 958 1189 canrnnnrnnsrs.
1008 1124 1052 1202 [n.
1073 1142 1103 1184 n.
1123 1122 1230 1201 1168]

487 1293 699 1356 Universilati
721 1299 905 1354 sanctornm
928 1291 1036 1372 quiin
1055 1291 1164 1376 ppima
1180 1290 1438 1353 Britanniarnnt

525 1394 595 1455 sede
616 1401 729 1455 sancta
755 1392 988 1456 cantuariensi
1009 1390 1156 1454 Ecclesia
1171 1390 1311 1453 Domino
1324 1392 1440 1471 famn-

528 1496 651 1572 lantnr,
666 1512 836 1557 conserens
850 1513 968 1564 cortem,
985 1498 1016 1554 et
1019 1495 1168 1574 fratrum
1184 1492 1338 1553 minimas
1352 1495 1440 1554 saln-

528 1604 601 1669 tem,
617 1603 648 1659 et
667 1604 795 1679 oratam
818 1595 889 1658 Deo
903 1594 1112 1658 obedientiam
1135 1596 1273 1656 uictimis
1295 1595 1441 1657 omnibns

527 1699 699 1780 anteferre.

530 1833 644 1907 UuoE,
667 1830 877 1892 amantissimi
901 1830 1024 1891 domini
1046 1831 1111 1892 mei
1134 1840 1166 1893 et
1186 1830 1365 1893 dulcissimi
1380 1832 1440 1894 ira-

485 1941 559 2006 tres,
575 1930 745 1994 exordiar?
770 1930 866 1995 Unde
883 1930 1013 2012 spiritus
1030 1931 1127 1993 tristis
1141 1940 1173 1994 et
1187 1932 1290 1995 alieno
1303 1942 1442 1996 conster-

485 2044 579 2096 natus
594 2054 695 2095 errore
713 2033 800 2095 verbi
816 2042 919 2095 sumet
934 2031 1085 2095 initium?
1109 2033 1182 2104 Quo
1199 2033 1320 2096 miserae
1333 2046 1364 2096 et
1375 2055 1440 2116 prae

486 2135 596 2198 dolore
611 2134 794 2215 languentis
806 2134 921 2196 animae
932 2135 1151 2215 progredietur
1163 2133 1263 2197 oratio
1277 2133 1288 2196 l
1312 2136 1441 2198 Poterat

487 2238 643 2299 hactenns
666 2246 769 2298 vestra
794 2236 843 2314 (ut
868 2236 963 2297 verbo
986 2236 1253 2318 temperatissimo
1283 2248 1315 2299 et
1344 2236 1443 2316 digno

487 2338 625 2401 dominis
649 2340 732 2413 utar)
755 2337 951 2417 negligentia
973 2338 1139 2400 excusari:
1162 2336 1219 2399 sed
1235 2359 1312 2401 ecce
1328 2339 1355 2401 si
1371 2340 1442 2421 quis

486 2438 570 2521 vulgi
584 2450 735 2520 sequatur
750 2438 945 2522 opinionem,
955 2449 1047 2519 tepor
1058 2438 1089 2499 in
1101 2438 1214 2501 odium
1230 2450 1442 2502 commutatus

488 2555 546 2620 est,
577 2540 774 2620 negligentia
803 2540 927 2601 transiit
956 2540 988 2600 in
1020 2552 1248 2623 contemptum,
1279 2541 1441 2604 caritatem

487 2645 622 2705 mentita
637 2641 808 2715 simulatio,
825 2641 929 2724 erupit
944 2642 977 2703 in
992 2641 1147 2719 fraudem,
1161 2653 1193 2705 et
1210 2664 1244 2706 se
1268 2643 1444 2705 manifestis

489 2767 592 2807 rerum
610 2744 806 2825 argumentis
821 2743 983 2806 convincit
998 2765 1067 2806 esse
1088 2743 1268 2826 perfidiam.
1317 2746 1368 2807 Ita
1384 2743 1442 2821 (in-

490 2846 602 2927 quam)
620 2846 644 2907 si
670 2844 757 2926 vulgi
780 2845 985 2907 convalescat
1008 2843 1129 2927 opinio.
1174 2844 1238 2907 Sed
1262 2846 1378 2928 quibus
1402 2845 1442 2908 de

489 2957 604 3009 caetero
617 2947 732 3027 poterit
743 2946 990 3026 allegationibus
1001 2944 1172 3009 infirmarii
1195 2946 1341 3009 Profecto
1357 2945 1445 3030 quod

489 3047 522 3107 in
538 3046 679 3107 fraudem
696 3046 759 3106 Dei
777 3042 940 3127 praesumit
955 3047 1115 3130 sapientia
1130 3048 1246 3124 carnis,
1269 3070 1395 3131 semper
1409 3048 1443 3109 in

491 3146 681 3208 eontrarium
706 3145 869 3226 proposito
889 3146 994 3227 pergit
1017 3158 1175 3224 eventum,
1190 3160 1221 3209 et
1237 3148 1321 3210 unde
1337 3170 1444 3232 spera-

490 3251 609 3312 bantur
624 3245 819 3329 compendia
841 3247 1024 3327 voluptatis
1041 3247 1115 3309 inde
1139 3248 1236 3310 totius
1251 3250 1397 3313 utilitatis
1413 3262 1445 3314 et

491 3348 679 3411 intentionis
694 3345 864 3429 dispendia
878 3347 1030 3409 oriuntur.
1076 3348 1129 3411 sie
1152 3349 1174 3411 J
1175 3347 1269 3425 udaei,
1284 3371 1324 3411 ne
1338 3352 1445 3413 locum

491 3449 670 3532 perderent,
686 3468 725 3510 ne
743 3445 942 3510 sacerdotum
965 3446 1127 3530 principes
1143 3448 1247 3529 gentis
1264 3450 1446 3513 amitterent

492 3560 693 3633 potestatem,
706 3548 835 3613 Christo
843 3548 1047 3611 tetenderunt
1057 3548 1208 3612 insidias:
1224 3558 1257 3613 et
1266 3561 1447 3615 corruentes

492 3654 525 3715 in
539 3653 664 3715 foveam
680 3672 776 3735 quam
792 3651 936 3713 lecerunt
950 3650 1151 3713 venientibus
1168 3651 1322 3714 Romanis
1336 3652 1443 3715 locum

492 3752 709 3837 perdiderunt,
730 3761 763 3815 et
784 3761 923 3832 gentem.
971 3752 1025 3815 Sic
1048 3763 1081 3816 et
1103 3773 1170 3829 ros,
1193 3753 1220 3814 si
1245 3762 1349 3815 tamen
1373 3775 1446 3817 vera

494 3865 570 3917 sunt
584 3876 655 3937 quae
671 3855 785 3934 vulgus
799 3854 927 3929 clamat,
938 3874 1043 3935 neque
1054 3855 1137 3916 enim
1153 3855 1246 3946 facille
1258 3854 1446 3919 crediderim

494 3955 581 4036 quod
595 3955 629 4015 in
645 3962 765 4015 tantam
787 3951 982 4031 vigilantiam
999 3963 1031 4015 et
1046 3953 1293 4017 sollicitudinem
1318 3956 1447 4020 caecitas

495 4066 583 4119 tanta
598 4052 761 4125 ceciderit,
777 4054 823 4115 sic
839 4053 971 4135 inquam
988 4054 1116 4117 misistis
1131 4054 1171 4117 ad
1187 4076 1295 4136 regem
1311 4069 1345 4120 ut
1360 4058 1447 4139 quod

496 4159 536 4222 ad
552 4180 626 4222 eum
641 4178 706 4219 non
723 4155 870 4237 pertinet,
889 4156 992 4237 priore
1007 4167 1132 4218 mortuo
1152 4157 1244 4219 vobis
1258 4158 1356 4220 alium
1372 4159 1447 4220 sub·

495 4271 627 4341 rogaret.
645 4257 732 4330 Quid
742 4255 840 4331 aliud,
853 4278 973 4341 quaeso,
984 4258 1060 4321 seeit
1070 4260 1168 4321 Israel
1177 4259 1308 4321 absente
1318 4260 1447 4341 Moyse,

496 4364 536 4424 ab
552 4364 656 4425 Aaron
672 4369 827 4441 expetens
843 4368 879 4423 ut
894 4360 991 4423 Deos
1008 4360 1175 4423 fabricaret
1198 4360 1253 4442 qui
1277 4380 1310 4421 se
1326 4380 1445 4440 praece-
