3734 5484
450 812 516 872 ⁴214
709 820 845 866 solutus
861 818 1142 865 sunnsnsursusrs
1318 800 1409 879 [an.
1446 802 1451 809 '

455 971 675 1057 comprobetis.
707 971 779 1033 Non
793 970 921 1055 quidem
934 983 971 1033 ut
982 969 1046 1032 illis
1058 969 1201 1033 remissio
1214 968 1265 1047 sit,
1275 980 1307 1032 et
1319 967 1411 1030 vobis

455 1072 637 1140 tribulatio:
662 1071 718 1135 sed
732 1094 772 1134 ex
789 1070 983 1156 aequalitate,
1001 1083 1035 1133 ut
1053 1070 1085 1131 in
1102 1071 1251 1153 praesenti
1267 1082 1408 1153 tempore

457 1189 563 1241 vestra
586 1171 784 1237 abundantia
808 1174 833 1235 si
860 1193 924 1235 non
945 1171 1106 1246 fraternae,
1129 1170 1216 1255 quod
1239 1182 1411 1256 oporteret,

457 1277 566 1343 saltem
584 1288 726 1361 paternae
742 1274 858 1358 inopiae
875 1275 916 1337 sit
939 1274 1208 1358 supplementum.
1254 1272 1411 1358 Alioquin

456 1391 567 1465 pateus
581 1377 641 1440 erit
655 1376 818 1461 iniquitas,
831 1374 886 1438 ubi
901 1373 990 1437 nulla
1006 1374 1235 1460 aequandorum
1253 1376 1410 1461 reperitur

458 1480 635 1566 aequalitas.
682 1479 765 1542 Nam
789 1477 830 1541 de
853 1477 903 1542 his
926 1476 983 1562 qui
1007 1490 1174 1541 versantur
1197 1478 1360 1541 unanimes
1377 1479 1412 1542 in

458 1585 553 1648 domo
577 1582 717 1657 Domini,
742 1580 896 1665 scripturn
920 1590 976 1645 est.
1027 1579 1089 1656 Qui
1113 1578 1251 1643 multum
1275 1579 1413 1644 habebat

459 1708 521 1748 non
537 1683 725 1761 abundavit,
736 1695 768 1746 et
784 1682 841 1767 qui
857 1682 1017 1745 modicum
1034 1702 1096 1744 non
1113 1682 1290 1746 minoravit.
1322 1682 1414 1745 Nun-

459 1784 540 1870 quid
554 1807 610 1847 vos
626 1783 683 1846 soli
698 1786 730 1846 in
747 1782 857 1845 castris
868 1780 1000 1844 Domini
1016 1785 1137 1845 Gomor
1152 1780 1328 1865 legitimum
1343 1803 1413 1868 per-

460 1883 611 1949 didistis?
646 1883 671 1946 si
697 1903 812 1944 manna
836 1880 1026 1966 prohibente
1054 1882 1193 1945 Domino
1218 1895 1412 1946 reservatum

460 2008 578 2049 munus
598 1984 725 2071 quidem
749 1983 888 2060 coeleste,
904 1995 936 2047 et
960 1984 1052 2067 panis
1074 1995 1105 2047 et
1122 1995 1233 2067 pastus
1252 1983 1414 2068 angelicus

460 2086 613 2173 putrescit
628 2100 659 2150 et
676 2109 798 2149 vermes
812 2086 903 2149 facit:
927 2086 1004 2172 quid
1022 2085 1200 2171 putredinis
1212 2098 1243 2148 et
1259 2086 1415 2149 vermium

461 2187 625 2251 contrahet
641 2186 790 2271 putredo,
806 2186 946 2249 Domino
956 2187 1155 2271 prohibente,
1168 2200 1292 2250 servata
1304 2187 1335 2250 in
1352 2187 1416 2251 dis-

459 2289 611 2376 pendium
627 2289 778 2367 caritatis,
793 2289 825 2351 iu
841 2290 944 2352 esurie
959 2302 990 2353 et
1007 2289 1153 2354 nuditate
1168 2290 1329 2355 fratrum?
1352 2314 1415 2354 nou

461 2392 573 2476 utique
589 2390 675 2475 quod
687 2389 733 2453 illi
749 2390 890 2453 esuriant
905 2403 961 2455 aut
978 2393 1057 2455 nudi
1073 2403 1159 2472 sunt,
1170 2393 1225 2457 sed
1241 2393 1329 2478 quod
1344 2392 1416 2457 illos

431 2486 434 2491 ¹
460 2492 522 2556 uisi
543 2492 658 2556 caritas
679 2491 712 2554 in
737 2490 826 2555 vobis
848 2514 907 2576 per
927 2491 1062 2575 gratiam
1088 2492 1225 2577 amplius
1247 2492 1415 2568 excitetur,

461 2593 548 2674 fami,
562 2592 703 2657 nuditati
718 2607 750 2657 et
770 2592 919 2678 periculis
934 2594 1083 2657 omnibus
1102 2594 1301 2679 exposuistis.
1340 2595 1417 2657 Ver-

462 2716 570 2760 sentur
581 2694 651 2758 haec
662 2706 693 2759 et
706 2694 819 2759 similia
834 2694 866 2757 in
876 2695 990 2758 animis
1004 2709 1036 2758 et
1046 2707 1191 2786 terantur
1205 2700 1237 2759 in
1250 2695 1416 2781 colloquiis

461 2795 588 2871 vestris,
604 2807 635 2859 et
656 2795 763 2880 ponite
779 2795 875 2858 corda
897 2808 1001 2859 vestra
1018 2818 1113 2880 super
1137 2795 1205 2859 vias
1218 2808 1356 2860 vestras:
1384 2807 1416 2860 ct

464 2919 592 2961 causam
620 2909 651 2959 et
678 2896 791 2959 itinera
810 2897 922 2982 patris,
946 2910 978 2961 et
1002 2900 1069 2962 vias
1091 2896 1335 2961 adversantium.
1371 2897 1416 2959 Et

463 2993 618 3057 attendite
633 2992 706 3075 quis
723 2995 794 3057 Deo
809 2996 989 3079 inspectore
1011 3011 1042 3060 et
1062 2996 1176 3083 judice
1198 2999 1297 3084 possit
1312 2998 1353 3061 ab
1367 2997 1417 3074 his

462 3092 568 3153 exitus
581 3091 758 3171 provenire.
805 3096 856 3153 lta
872 3107 977 3157 tamen
995 3109 1031 3159 ut
1048 3119 1109 3159 non
1126 3097 1207 3162 alius
1222 3098 1417 3162 consultator

462 3186 640 3272 Ranulphi,
663 3187 746 3252 alius
772 3190 898 3263 dumne,
921 3192 1003 3256 alius
1027 3196 1203 3275 Mambres,
1219 3198 1301 3260 alius
1322 3198 1418 3262 Achi-

462 3290 572 3377 tophel
585 3312 815 3375 magorumque
827 3290 994 3356 similium:
1020 3294 1074 3357 sed
1090 3298 1312 3361 conscientiam
1328 3322 1417 3362 suam

462 3393 597 3479 quisque
619 3392 768 3457 discutiat
788 3406 821 3457 et
836 3393 996 3458 consultat
1018 3395 1121 3480 legem
1137 3396 1209 3461 Dei.
1254 3402 1327 3461 Jam
1345 3423 1419 3463 sane

462 3496 583 3580 praevia
607 3493 729 3563 ratione
754 3494 906 3560 illustrati
935 3518 992 3580 per
1021 3496 1155 3581 gratiam
1186 3498 1347 3563 reducetis
1376 3502 1419 3565 ad

463 3595 617 3675 animum,
643 3595 791 3679 quoniam
820 3594 1036 3662 misericordia
1065 3598 1233 3684 plenitudo
1258 3601 1418 3665 virtutum

463 3711 521 3774 est,
538 3712 570 3761 et
587 3691 767 3762 recedentes
781 3722 801 3762 a
815 3687 876 3763 uiis
889 3702 1034 3785 pristinis
1048 3725 1122 3766 cum
1140 3726 1178 3767 eo
1192 3703 1313 3768 facietis
1328 3704 1418 3767 mise·

461 3799 640 3873 ricordiam,
660 3798 717 3880 qui
739 3821 807 3860 eam
831 3805 902 3863 Deo
923 3804 1120 3888 propitiante
1142 3806 1206 3870 cito
1228 3804 1418 3890 respondere

462 3900 582 3985 poterit
597 3898 630 3961 in
646 3919 743 3959 cornu
762 3899 865 3977 verbi,
881 3913 913 3966 et
934 3903 1112 3988 affligentes
1127 3931 1159 3969 se
1179 3919 1325 3992 potenter
1340 3909 1420 3971 affli-

461 4025 546 4087 gere.
592 3998 640 4067 Sit
657 3997 788 4084 spiritus
811 4000 931 4066 consilii
948 4005 1122 4083 vobiscum,
1139 4020 1170 4071 et
1191 4008 1309 4093 dirigat
1324 4008 1420 4072 corda

462 4119 577 4185 vestra,
593 4102 675 4168 utin
698 4102 818 4167 bonum
833 4104 1038 4169 memineritis
1059 4108 1165 4172 vestri.
1213 4111 1285 4173 Hoc
1300 4113 1383 4173 enim
1399 4132 1418 4172 a

462 4208 556 4271 corde
578 4220 609 4271 et
633 4204 725 4270 labiis
746 4206 825 4270 meis
849 4211 920 4272 Deo
943 4208 1129 4295 inspectore,
1153 4222 1233 4276 teste
1256 4225 1287 4276 et
1307 4212 1418 4298 judice

462 4310 576 4374 caritas
604 4309 758 4395 expressit
787 4310 829 4375 ad
861 4312 1060 4377 dulcissimos
1089 4328 1121 4378 et
1152 4315 1419 4379 reverentissimos

460 4411 586 4487 fratres,
603 4423 639 4474 ut
662 4411 738 4474 mihi
760 4411 800 4475 de
822 4427 939 4477 caetero
962 4437 1066 4479 coram
1092 4419 1173 4497 Deo,
1188 4440 1284 4502 quem
1308 4426 1419 4482 testem
