3734 5484
525 793 589 853 288
787 808 922 853 Josnnrs
940 807 1216 854 ssnnsnnnmnsrs
1384 793 1427 877 [s.
1445 814 1477 857 n.

527 957 623 1023 Unde
642 956 771 1020 domino
786 980 856 1021 meo
871 958 1019 1045 episcopo
1030 959 1257 1036 wintoniensi,
1270 977 1392 1048 quanta
1403 984 1478 1049 pos-

526 1082 596 1122 sum
612 1061 727 1123 mentis
748 1058 922 1136 alacritate,
945 1061 1161 1144 congratulor,
1183 1065 1238 1147 qui
1262 1076 1437 1127 conventus
1459 1088 1479 1128 a

420 1179 422 1186 '
520 1159 685 1246 judicibus
699 1175 731 1224 et
747 1160 923 1224 senioribus
940 1171 1031 1225 terrae
1055 1162 1185 1225 Christo
1200 1162 1334 1248 dignum
1350 1187 1479 1251 respon.

525 1284 595 1325 sum
625 1260 724 1336 dedit,
755 1274 786 1325 et
815 1261 1003 1346 rescriptum
1034 1263 1139 1326 emisit
1168 1287 1346 1349 congruum
1376 1272 1476 1345 oetati,

524 1363 721 1450 professioni,
746 1363 868 1438 honori,
892 1376 924 1427 et
950 1366 1071 1449 generi,
1095 1378 1127 1429 et
1149 1366 1237 1452 quod
1260 1368 1302 1431 ad
1324 1368 1477 1435 virtutem

524 1478 660 1552 poterat,
677 1464 759 1529 sicut
774 1477 806 1528 et
821 1464 932 1528 fecisse
948 1464 1101 1543 creditur,
1117 1467 1391 1553 compresbyteros
1413 1471 1478 1534 ani-

524 1590 619 1632 mare.
651 1570 734 1631 Nam
749 1580 781 1630 et
797 1564 843 1629 illi
855 1566 1032 1630 tendiculas
1046 1565 1263 1631 insidiantium
1275 1568 1479 1636 laudabiliter

523 1670 696 1733 eluserunt.
742 1666 812 1731 Alia
839 1668 918 1744 vice,
945 1669 971 1731 si
999 1668 1145 1732 conventi
1176 1667 1308 1743 luerint,
1334 1669 1475 1737 locuturi

523 1773 657 1835 verbum
673 1768 746 1833 fidoi
759 1782 791 1833 et
807 1768 950 1833 veritatis
960 1790 1033 1831 cum
1049 1768 1184 1832 fiducia:
1209 1769 1302 1855 plane
1317 1771 1477 1849 docentes,

522 1873 608 1959 quod
625 1871 772 1935 dominus
787 1892 841 1935 rex
854 1870 1006 1935 hactenus
1015 1871 1149 1935 abutens
1160 1871 1336 1956 pernicioso
1347 1873 1478 1938 consilio

521 1974 681 2039 abductus
696 1973 789 2037 estin
805 1971 938 2048 invium,
954 1984 986 2035 et
1001 1993 1063 2034 non
1079 1971 1110 2035 in
1127 1972 1222 2050 viam,
1238 1986 1269 2038 et
1286 1974 1478 2058 suadebunt,

521 2077 645 2141 utinam
667 2073 890 2161 persuadeant,
907 2086 942 2138 ut
965 2074 1007 2137 ad
1028 2074 1108 2138 viam
1132 2074 1251 2151 redeat,
1265 2088 1356 2140 extra
1378 2100 1476 2161 quam

521 2176 636 2241 salvari
658 2198 719 2239 oon
743 2187 860 2260 potest,
874 2196 931 2237 nec
954 2174 1009 2239 diu
1023 2175 1176 2261 principis
1198 2176 1263 2241 frui
1286 2176 1398 2261 gloria,
1413 2178 1475 2242 nisi

519 2298 592 2339 cum
609 2275 738 2338 ecclesia
753 2273 814 2337 Dei
829 2273 925 2337 faciat
942 2296 1062 2358 pacem.
1093 2278 1160 2339 Nec
1172 2299 1228 2340 vos
1240 2289 1364 2345 moveat
1375 2280 1478 2344 inanis

519 2372 667 2459 gloriatio
691 2395 813 2450 eorum,
835 2376 892 2457 qui
917 2373 1081 2458 jactitant,
1105 2376 1198 2461 quod
1224 2376 1371 2441 dominus
1394 2401 1478 2463 papa

520 2475 601 2549 illos,
618 2497 699 2561 quos
722 2473 978 2560 archiepiscopus
1000 2477 1340 2557 excommunicaverat,
1362 2480 1477 2545 habeat

519 2577 692 2652 absolutos,
703 2576 778 2641 inde
793 2576 941 2641 solatium
957 2591 1136 2662 quaerentes
1151 2580 1285 2647 miserlae
1300 2604 1377 2661 suae,
1387 2582 1476 2667 quod

519 2681 651 2744 eiacum
664 2679 882 2743 benedictione
893 2702 1035 2744 caussam
1051 2679 1169 2745 dicitur
1184 2681 1357 2767 delegasse,
1368 2698 1400 2747 et
1416 2686 1477 2749 hoc

519 2795 687 2867 postquam
704 2779 903 2844 anathemate
923 2780 1124 2845 condemnati
1142 2795 1226 2847 sunt.
1272 2786 1356 2848 Nam
1376 2783 1476 2848 domi-

518 2906 596 2948 num
606 2904 721 2968 papam
731 2894 861 2945 excusat
871 2882 1063 2965 ignorantia,
1076 2883 1128 2946 cui
1140 2882 1283 2948 nondum
1294 2883 1476 2952 innotuerat

518 2985 551 3048 iu
566 3008 620 3047 eos
639 2983 974 3047 excommunicationis
993 2983 1090 3047 latam
1114 3006 1180 3047 esse
1203 2985 1402 3064 senteutiam,
1418 3009 1476 3052 nec

518 3098 622 3150 tamen
635 3105 727 3168 prece
739 3083 787 3145 vel
800 3076 904 3168 pretio
915 3084 1023 3148 induci
1036 3084 1154 3171 potuit,
1165 3099 1202 3150 ut
1214 3086 1352 3171 aliquem
1364 3111 1472 3157 eorum

518 3208 538 3249 a
547 3206 643 3247 manu
659 3182 779 3246 domini
792 3183 1033 3247 cantuariensis
1045 3184 1210 3262 eximeret,
1221 3185 1298 3271 quin
1309 3209 1368 3272 pro
1380 3187 1476 3252 modo

516 3285 620 3371 culpae
635 3308 688 3349 eos
702 3281 886 3368 percelleret
901 3284 1069 3348 severitate
1085 3285 1247 3351 vindictae.
1277 3291 1351 3352 Hoc
1365 3301 1474 3354 autem

516 3402 637 3454 eertum
668 3399 774 3452 teneat
805 3396 907 3449 vestra
932 3383 1073 3464 dilectio,
1097 3387 1185 3471 quod
1211 3388 1359 3453 dominus
1384 3412 1475 3454 meus

517 3489 754 3557 cantuariensis
779 3487 944 3574 praeelegit
969 3487 1003 3551 in
1032 3488 1128 3552 exilio
1160 3491 1253 3568 mori,
1279 3513 1374 3577 quam
1405 3490 1472 3558 sine

515 3593 655 3669 ecclesiae
676 3590 862 3655 liberatione
883 3589 998 3666 redire,
1022 3612 1090 3667 oec,
1111 3604 1240 3657 auctore
1262 3596 1343 3673 Deo,
1362 3590 1474 3677 pacem

515 3695 658 3759 facturus
672 3702 731 3770 est,
745 3690 803 3754 nisi
827 3690 938 3755 utilem
961 3694 1108 3775 posteris,
1125 3705 1157 3756 et
1180 3704 1244 3758 tam
1260 3692 1473 3778 praesentibus

515 3816 612 3879 quam
627 3790 744 3855 futuris
759 3789 933 3854 honestam.
974 3791 1007 3854 Si
1023 3815 1098 3856 vero
1114 3804 1358 3879 persequutores
1373 3792 1473 3860 eccle·

515 3896 569 3959 siae
592 3892 767 3978 perdurare
791 3891 822 3953 in
848 3890 971 3954 malitia
997 3891 1205 3972 decreverint,
1228 3897 1296 3981 ipse
1321 3899 1471 3983 quoniam

513 3998 637 4084 plenam
661 3991 780 4078 accepit
802 4002 1003 4076 potestatem,
1028 3996 1251 4078 progredietur
1272 3996 1418 4074 ulterius,
1436 4010 1469 4061 et

511 4111 622 4165 contra
637 4099 740 4161 Deum
753 4093 785 4157 iu
797 4091 1106 4179 exercendajustitia
1118 4097 1196 4172 nulli
1210 4097 1338 4164 omnino
1350 4112 1470 4185 parcet.

516 4201 635 4266 Valete.
