3734 5484
452 806 516 865 aot
730 815 865 858 rosanus
881 812 1161 856 sanassnmna'srs
1310 793 1355 871 [A.
1373 812 1405 855 n.

451 964 658 1031 confoederati
686 979 762 1030 sunt
788 964 940 1029 adversus
966 985 1075 1026 omnes
1100 962 1253 1040 homines,
1278 962 1406 1047 adjecto

452 1092 492 1132 cx
515 1081 605 1152 parte
629 1067 809 1153 utriusque,
834 1066 922 1130 salvo
944 1089 982 1129 eo
1004 1065 1092 1151 quod
1114 1063 1210 1128 debet
1234 1062 1404 1136 Ricardus,

452 1168 535 1232 lilius
551 1168 634 1251 regis
650 1169 784 1252 Angliae,
799 1167 896 1230 filiam
912 1169 996 1251 regis
1015 1167 1213 1228 Francorum
1237 1164 1303 1227 sinc
1325 1164 1403 1229 dote

453 1267 567 1332 ducere
595 1290 737 1332 uxorem.
789 1269 925 1330 Secretae
950 1264 1164 1351 obligationis,
1189 1266 1283 1351 cujus
1308 1288 1407 1351 supra

453 1368 593 1444 memini,
609 1369 641 1432 in
657 1370 750 1433 linem
775 1370 906 1434 alterius
927 1370 1001 1432 anni
1024 1368 1125 1432 dilata
1145 1381 1193 1432 est
1217 1367 1408 1454 propalatio,

454 1493 504 1543 ne,
532 1471 559 1532 si
585 1471 815 1555 praecognitum
842 1470 940 1535 fucrit
971 1470 1057 1554 quod
1089 1483 1256 1545 tractatur,
1281 1468 1407 1533 facilius

455 1571 558 1635 valeat
576 1572 734 1656 impediri.
779 1572 976 1636 Teutonicus
997 1584 1164 1656 tyrannus,
1178 1569 1308 1635 consilio
1330 1592 1408 1655 pru·

455 1672 589 1736 dentum
611 1674 713 1756 partis
735 1696 813 1749 suae,
828 1674 959 1737 abbates
982 1672 1221 1738 cisterciensem
1244 1685 1276 1736 et
1300 1673 1408 1735 Clare-

455 1774 622 1836 vallensem
639 1774 765 1850 accivit,
780 1797 852 1837 cum
875 1774 914 1836 iis
929 1787 961 1838 et
984 1797 1040 1859 per
1061 1796 1125 1852 eos,
1141 1789 1177 1837 ut
1197 1774 1349 1852 creditur,
1365 1775 1408 1839 de

455 1896 532 1959 pace
547 1873 686 1936 ecclesiae
701 1884 903 1937 tractaturus.

456 2161 674 2225 EPISTOLA
703 2161 1055 2225 cmxxxvi-in
1077 2182 1231 2226 sinoanu
1253 2182 1407 2227 aaronem

470 2280 512 2321 nn
529 2277 644 2321 nourr
659 2279 714 2322 onr
733 2280 773 2323 nr
790 2281 1041 2325 nrcnnnnarnn
1059 2283 1102 2325 on
1118 2283 1224 2327 vanno
1240 2284 1264 2327 s.
1281 2283 1391 2327 earm.

750 2361 834 2440 [an.
854 2367 946 2425 1169.
970 2386 1011 2425 φη.
1028 2365 1127 2449 Jou]

464 2522 696 2585 Venerabilibus
710 2522 846 2583 dominis
860 2528 891 2583 ct
913 2523 1024 2583 amicis
1043 2524 1146 2603 priori
1161 2525 1200 2585 de
1215 2530 1319 2585 monte
1333 2524 1406 2596 Del,

499 2634 529 2687 et
543 2626 582 2688 de
595 2625 678 2687 valle
694 2624 810 2685 Sancti
820 2626 913 2685 Petri
924 2644 1005 2685 auus
1019 2625 1165 2687 Joarrrtea
1181 2625 1303 2687 Sorech.
1318 2626 1407 2687 salu·

499 2737 560 2790 tem
576 2734 607 2790 el
622 2730 659 2789 iri
669 2745 769 2788 causo
783 2724 850 2787 Dei
863 2727 1058 2805 prosperari.

500 2864 633 2924 Pornsr
648 2873 754 2922 vestra
769 2858 946 2921 meminisse
962 2858 1122 2935 discretio,
1139 2862 1228 2945 quod
1244 2883 1408 2946 nunquam

457 2962 586 3022 domino
609 2963 763 3024 Cantuar.
786 2960 906 3044 placuit
931 2971 966 3023 ut
988 2962 1153 3046 apostolici
1169 2964 1310 3027 mandati
1331 2964 1409 3026 fines

456 3062 573 3140 exequi
597 3058 778 3132 differretis,
807 3060 972 3143 adquievit
997 3076 1100 3126 tamen
1132 3065 1220 3128 fratri
1246 3065 1410 3129 Bernardo

457 3177 621 3219 successus
635 3153 789 3216 feliciores
805 3158 1014 3238 promittenti,
1031 3163 1056 3222 si
1073 3186 1175 3246 usque
1195 3169 1226 3227 in
1243 3166 1330 3230 aliud
1346 3167 1409 3229 col-
1511 3186 1517 3195 ·

460 3256 603 3339 loquium
619 3251 815 3315 deliberandi
839 3258 981 3337 spacium
999 3262 1066 3339 regi
1081 3260 1311 3345 indulgeretur.
1338 3263 1412 3328 Pol-

458 3356 616 3420 licebatur
640 3352 721 3416 enim
743 3352 937 3416 ferocitatem
962 3356 1098 3421 hominis
1119 3360 1246 3424 interim
1269 3364 1301 3423 in
1323 3386 1412 3427 man.

458 3458 658 3523 suetudinem
675 3455 929 3519 convertendam.
976 3458 1037 3520 Sed
1054 3482 1124 3522 ecce
1140 3484 1179 3523 ex
1200 3461 1314 3525 litteris
1330 3489 1413 3550 quas

459 3583 562 3645 nuper
576 3556 681 3642 accepi
697 3556 768 3618 luce
782 3556 898 3621 clarius
915 3570 1003 3642 patet
1019 3561 1094 3645 quia
1110 3576 1140 3625 et
1157 3562 1274 3647 legatio
1289 3565 1411 3632 domini

459 3661 665 3727 Pictaviensis
697 3675 867 3742 procurata
897 3672 946 3723 est
974 3661 1005 3724 in
1037 3663 1182 3727 fraudem
1213 3667 1352 3733 ecclesiae
1378 3681 1410 3733 et

459 3775 609 3826 nostram.
656 3760 701 3821 Et
728 3759 849 3821 utinam
867 3760 937 3843 ipsa
963 3761 1074 3827 dilatio
1093 3788 1156 3828 non
1184 3765 1333 3832 habuerit
1353 3770 1409 3832 do·

460 3863 545 3927 lum:
569 3880 640 3921 nam
666 3858 726 3920 hoc
744 3858 789 3920 rei
813 3859 918 3921 exitus
945 3861 1130 3944 declarabit,
1152 3865 1229 3930 dum
1258 3892 1314 3933 nos
1338 3893 1410 3957 pro·

460 3963 585 4026 missam
602 3971 808 4044 expectamus
823 3962 1110 4045 mansuetudinem,
1121 3966 1172 4030 ille
1183 3969 1335 4035 sollicitus
1344 3973 1410 4058 agit
1480 4013 1489 4025 ·

459 4062 620 4150 quomodo
642 4060 791 4123 honorem
819 4061 877 4124 Dei
905 4062 1050 4143 subruat,
1072 4080 1104 4132 et
1132 4082 1230 4133 totam
1246 4074 1410 4139 subvertat

457 4165 596 4228 ecclesiae
625 4163 816 4227 libertatem.
877 4163 996 4240 Quidni
1018 4166 1155 4233 faceret?
1181 4173 1412 4257 Exploraverat

460 4266 543 4327 vires
558 4277 692 4343 nostras,
715 4275 748 4326 et
769 4264 939 4350 iniquitate
962 4290 1020 4331 sua
1035 4269 1111 4349 (non
1135 4272 1221 4353 dico)
1243 4291 1411 4348 meruerat,

461 4365 610 4444 quoniam
620 4364 735 4427 falsum
746 4378 805 4442 est,
816 4367 871 4430 sed
884 4368 1086 4455 subripuerat
1097 4373 1405 4461 favorcmff'omnium:
