3734 5484
502 796 574 865 ,180
782 808 918 853 Jonnrns
933 807 1210 852 sanasnanransis
1370 789 1413 867 [n.
1431 807 1462 851 n.

512 959 598 1023 Petri
614 958 669 1043 qui
685 958 745 1022 snb
768 970 955 1043 tempestate
977 956 1135 1041 naufragii
1158 957 1255 1044 hujus
1277 958 1308 1021 in
1324 957 1463 1041 regenda

509 1081 589 1122 nave
605 1058 802 1123 sudaverunt
823 1059 863 1121 ad
887 1070 1034 1144 optatum
1058 1060 1224 1143 pervenire
1246 1071 1374 1144 portum
1393 1060 1460 1144 jam

509 1159 575 1222 fere
591 1158 797 1243 conspicuum
809 1158 860 1223 ait.
908 1163 992 1222 Nam
1004 1182 1079 1244 quae
1090 1159 1187 1245 capiti
1199 1159 1375 1224 schismatis
1389 1182 1462 1222 con·

508 1260 658 1324 furebant
674 1260 815 1323 membra
837 1271 1060 1345 compereunt:
1087 1283 1189 1345 eoque
1205 1261 1325 1324 succiso
1346 1283 1462 1346 corpus

509 1375 614 1426 totum
629 1384 753 1425 necesse
764 1373 810 1425 est
822 1360 961 1425 interire.
984 1360 1142 1441 Vidimus,
1154 1361 1290 1426 vidimus
1302 1362 1461 1426 hominem

509 1462 566 1547 qui
581 1473 785 1526 consueverat
805 1484 871 1525 esse
893 1461 976 1524 sicut
995 1464 1061 1524 Leo
1082 1462 1115 1524 in
1133 1460 1228 1524 domo
1250 1485 1318 1536 sua,
1339 1464 1462 1524 domes·

509 1565 589 1628 ticos
618 1575 763 1627 evertens
784 1574 816 1625 et
837 1561 1023 1647 opprimens
1046 1562 1205 1647 subjectos
1230 1562 1301 1638 sibi,
1325 1562 1461 1625 latebras

509 1687 664 1749 quaerere,
685 1683 717 1727 et
736 1675 826 1727 tanto
849 1674 968 1725 terrore
988 1662 1125 1739 concuti,
1144 1674 1180 1727 ut
1197 1662 1253 1727 vix
1273 1674 1366 1727 tutus
1381 1673 1462 1725 esset

507 1767 540 1829 in
563 1764 725 1849 angulosis
744 1763 861 1828 abditis
883 1765 956 1826 suis·
1005 1762 1112 1839 Illum,
1131 1761 1220 1826 illum
1239 1764 1461 1849 imperatorem

508 1867 565 1953 qui
588 1866 687 1930 totius
709 1864 795 1928 orbis
818 1877 919 1928 terror
949 1864 1063 1937 fuerat,
1088 1863 1209 1927 utinam
1232 1865 1391 1929 vidissetis
1420 1867 1460 1928 ab

510 1969 606 2032 Italia
627 1967 803 2053 fugientem
827 1988 899 2029 cum
923 1964 1096 2048 ignominia
1119 1966 1321 2051 sempiterna,
1345 1980 1381 2031 ut
1434 1972 1461 2032 is

508 2069 663 2133 cantelam
680 2079 830 2153 procuret
845 2079 902 2130 aut
916 2065 1042 2128 ruinam
1059 2065 1115 2151 qui
1130 2066 1358 2131 catholicorum
1375 2068 1461 2133 labo-

507 2170 596 2233 ribus
611 2169 804 2233 insultabant
826 2190 865 2230 ex
881 2166 1078 2230 successibus
1093 2179 1125 2230 et
1146 2168 1254 2231 furore
1269 2171 1346 2254 ejus.
1370 2172 1461 2255 Ergo

508 2284 693 2356 conceptam
710 2269 837 2332 laudem
860 2268 922 2331 Dei
939 2267 1030 2331 silere
1044 2268 1117 2352 quis
1131 2270 1273 2354 poterit?
1296 2275 1364 2356 ipse
1376 2273 1460 2336 enim

507 2384 554 2437 est
570 2371 624 2456 qui
635 2370 710 2434 facit
723 2369 880 2433 mirabilia
894 2391 1011 2453 magna
1026 2368 1122 2444 solus,
1140 2370 1196 2455 qui
1208 2371 1387 2438 consolatur
1402 2396 1460 2437 nos

506 2474 540 2537 in
554 2472 640 2537 omni
664 2471 869 2537 tribulatione
891 2484 998 2536 nostra
1020 2494 1058 2534 ne
1081 2495 1121 2534 ex
1144 2475 1280 2558 acceptis
1303 2475 1461 2540 beneficiis

508 2574 689 2639 hominibus
702 2574 893 2658 obligemur,
916 2575 973 2660 qui
989 2575 1017 2637 ei
1034 2573 1090 2637 soli
1109 2574 1261 2639 debemus
1276 2578 1364 2662 quod
1380 2578 1458 2642 vivi-

507 2698 588 2756 mus,
603 2676 814 2751 abundamuS,
831 2692 862 2740 et
878 2699 975 2753 nunc,
991 2699 1088 2762 quam
1103 2677 1264 2760 quondam
1288 2677 1319 2740 in
1342 2680 1457 2765 patria,

507 2780 609 2863 magis
624 2778 655 2842 in
672 2778 766 2841 exilio
782 2778 985 2842 honoramur.

506 2965 726 3027 EPISTOLA
750 2966 1040 3029 CCLXXIl.—an
1057 2985 1255 3029 naarsraun
1271 2986 1453 3030 mannaan.

872 3068 917 3144 [a.
930 3085 959 3127 n.
981 3068 1090 3145 llas]

775 3215 867 3275 Idem
883 3215 1047 3296 Magistro
1062 3218 1199 3299 Ne'yellu

552 3344 789 3409 larnacaanno
827 3344 968 3407 locorum
999 3368 1060 3408 non
1092 3349 1282 3433 praejudicat
1312 3353 1395 3428 lidei,
1427 3368 1458 3419 et

507 3447 654 3511 amicitiae
685 3445 799 3511 titulus
831 3447 933 3511 radiat
965 3446 1081 3512 clarius
1110 3449 1141 3513 in
1171 3450 1321 3515 adversis.
1368 3456 1457 3522 Licet

506 3561 613 3613 autem
638 3550 706 3635 jam
734 3549 790 3613 sim
822 3548 1036 3634 quinquennis
1067 3554 1157 3628 exul,
1187 3564 1231 3628 et,
1261 3556 1349 3640 quod
1379 3559 1458 3622 mihi

504 3651 651 3715 futurum
666 3655 795 3735 gravius
810 3652 1014 3717 crediderunt
1037 3653 1176 3720 ecclesiae
1200 3671 1456 3741 persequutores,

505 3752 722 3836 proscriptus:
755 3766 860 3814 tamen
886 3775 949 3816 non
973 3768 1038 3818 tam
1061 3779 1156 3841 super
1182 3758 1309 3843 jactura
1331 3764 1458 3845 propria

507 3873 646 3926 moveor,
666 3873 761 3936 quarn
785 3855 862 3935 quia
877 3852 909 3913 in
929 3855 1067 3918 articulo
1085 3858 1279 3924 necessitatis
1300 3860 1365 3923 fere
1386 3886 1457 3926 nos-

505 3964 626 4015 tratum
649 3951 755 4016 nullus
777 3952 835 4036 qui
858 3953 1061 4037 naufraganti
1087 3959 1227 4024 ecclesiae
1248 3962 1330 4025 ferat
1352 3985 1457 4048 opem.

506 4054 589 4117 Nam
616 4074 714 4139 quum
742 4055 859 4116 multos
881 4053 913 4117 in
940 4076 1019 4139 pace
1042 4056 1122 4122 filios
1145 4073 1177 4123 et
1203 4061 1319 4125 amicos
1341 4063 1456 4128 habere

506 4155 678 4234 videretur,
694 4178 812 4239 eosque
826 4155 924 4219 claros
944 4157 1133 4237 eruditione,
1150 4172 1181 4225 et
1203 4162 1342 4247 insignes
1358 4165 1457 4229 virtu-

506 4267 573 4318 tum
586 4256 717 4336 meritis,
732 4279 751 4319 a
765 4256 862 4320 latere
873 4258 944 4343 ejus
959 4259 1043 4323 mille
1055 4272 1087 4324 et
1102 4284 1121 4325 a
1133 4261 1254 4327 dextris
1265 4264 1334 4348 ejus
1349 4264 1456 4328 decem

507 4356 806 4422 milliaccciderunt:
824 4358 1457 4449 etquicroceisinduebantur,amplexati
