<?xml version="1.0" encoding="UTF-8"?>
<!DOCTYPE html PUBLIC "-//W3C//DTD XHTML 1.0 Transitional//EN"
    "http://www.w3.org/TR/xhtml1/DTD/xhtml1-transitional.dtd">
<html xmlns="http://www.w3.org/1999/xhtml" xml:lang="en" lang="en">
 <head>
  <title>
</title>
<meta http-equiv="Content-Type" content="text/html;charset=utf-8" />
  <meta name='ocr-system' content='tesseract 3.04.00' />
  <meta name='ocr-capabilities' content='ocr_page ocr_carea ocr_par ocr_line ocrx_word'/>
</head>
<body>
  <div class='ocr_page' id='page_1' title='image "./operaomnianuncp01johngoog_0027.png"; bbox 0 0 3734 5484; ppageno 0'>
   <div class='ocr_carea' id='block_1_1' title="bbox 398 780 1348 859">
    <p class='ocr_par' dir='ltr' id='par_1_1' title="bbox 398 780 1348 859">
     <span class='ocr_line' id='line_1_1' title="bbox 398 780 1348 859; baseline -0.004 -15"><span class='ocrx_word' id='word_1_1' title='bbox 398 780 507 859; x_wconf 78' lang='lat' dir='ltr'>nee]</span> <span class='ocrx_word' id='word_1_2' title='bbox 780 793 959 839; x_wconf 73' lang='lat' dir='ltr'>urrsroum.</span> <span class='ocrx_word' id='word_1_3' title='bbox 1329 784 1348 840; x_wconf 89' lang='grc'><strong>9</strong></span> 
     </span>
    </p>
   </div>
   <div class='ocr_carea' id='block_1_2' title="bbox 390 946 1352 4465">
    <p class='ocr_par' dir='ltr' id='par_1_2' title="bbox 390 946 1352 4465">
     <span class='ocr_line' id='line_1_2' title="bbox 396 946 1348 1035; baseline -0.003 -21"><span class='ocrx_word' id='word_1_4' title='bbox 396 973 468 1035; x_wconf 79' lang='lat' dir='ltr'>qum</span> <span class='ocrx_word' id='word_1_5' title='bbox 494 949 569 1012; x_wconf 89' lang='lat' dir='ltr'>fidei</span> <span class='ocrx_word' id='word_1_6' title='bbox 593 959 651 1026; x_wconf 89' lang='lat' dir='ltr'>est,</span> <span class='ocrx_word' id='word_1_7' title='bbox 675 948 813 1011; x_wconf 90' lang='lat' dir='ltr'>creditur</span> <span class='ocrx_word' id='word_1_8' title='bbox 839 969 910 1011; x_wconf 90' lang='lat' dir='ltr'>esse</span> <span class='ocrx_word' id='word_1_9' title='bbox 934 946 1142 1030; x_wconf 73' lang='lat' dir='ltr'>praestantior,</span> <span class='ocrx_word' id='word_1_10' title='bbox 1165 956 1196 1009; x_wconf 92' lang='lat' dir='ltr'>et</span> <span class='ocrx_word' id='word_1_11' title='bbox 1220 951 1348 1029; x_wconf 85' lang='lat' dir='ltr'>procul-</span> 
     </span>
     <span class='ocr_line' id='line_1_3' title="bbox 395 1048 1348 1135; baseline -0.003 -20"><span class='ocrx_word' id='word_1_12' title='bbox 395 1052 495 1115; x_wconf 86' lang='lat' dir='ltr'>dubio</span> <span class='ocrx_word' id='word_1_13' title='bbox 512 1051 630 1135; x_wconf 89' lang='lat' dir='ltr'>justior</span> <span class='ocrx_word' id='word_1_14' title='bbox 651 1058 709 1126; x_wconf 90' lang='lat' dir='ltr'>est,</span> <span class='ocrx_word' id='word_1_15' title='bbox 725 1048 805 1111; x_wconf 90' lang='lat' dir='ltr'>adeo</span> <span class='ocrx_word' id='word_1_16' title='bbox 825 1048 958 1132; x_wconf 87' lang='lat' dir='ltr'>quidem</span> <span class='ocrx_word' id='word_1_17' title='bbox 974 1058 1010 1110; x_wconf 92' lang='lat' dir='ltr'>ut</span> <span class='ocrx_word' id='word_1_18' title='bbox 1029 1058 1063 1111; x_wconf 90' lang='lat' dir='ltr'>et</span> <span class='ocrx_word' id='word_1_19' title='bbox 1085 1048 1259 1130; x_wconf 72' lang='lat' dir='ltr'>prophanas</span> <span class='ocrx_word' id='word_1_20' title='bbox 1274 1051 1348 1113; x_wconf 88' lang='lat' dir='ltr'>reli-</span> 
     </span>
     <span class='ocr_line' id='line_1_4' title="bbox 396 1149 1347 1235; baseline 0 -19"><span class='ocrx_word' id='word_1_21' title='bbox 396 1154 500 1235; x_wconf 82' lang='lat' dir='ltr'>gionis</span> <span class='ocrx_word' id='word_1_22' title='bbox 514 1152 661 1216; x_wconf 90' lang='lat' dir='ltr'>homines</span> <span class='ocrx_word' id='word_1_23' title='bbox 674 1152 738 1214; x_wconf 91' lang='lat' dir='ltr'>hoc</span> <span class='ocrx_word' id='word_1_24' title='bbox 759 1150 1052 1214; x_wconf 88' lang='lat' dir='ltr'>constantissimum</span> <span class='ocrx_word' id='word_1_25' title='bbox 1067 1149 1216 1213; x_wconf 86' lang='lat' dir='ltr'>habeant.</span> <span class='ocrx_word' id='word_1_26' title='bbox 1261 1153 1347 1216; x_wconf 90' lang='lat' dir='ltr'>Nam</span> 
     </span>
     <span class='ocr_line' id='line_1_5' title="bbox 395 1251 1347 1336; baseline -0.002 -19"><span class='ocrx_word' id='word_1_27' title='bbox 395 1265 428 1318; x_wconf 92' lang='lat' dir='ltr'>et</span> <span class='ocrx_word' id='word_1_28' title='bbox 441 1252 566 1328; x_wconf 83' lang='lat' dir='ltr'><strong>Achab,</strong></span> <span class='ocrx_word' id='word_1_29' title='bbox 581 1274 676 1336; x_wconf 87' lang='lat' dir='ltr'>quem</span> <span class='ocrx_word' id='word_1_30' title='bbox 699 1252 868 1334; x_wconf 88' lang='lat' dir='ltr'>reprobum</span> <span class='ocrx_word' id='word_1_31' title='bbox 890 1251 986 1314; x_wconf 83' lang='lat' dir='ltr'>fuisse</span> <span class='ocrx_word' id='word_1_32' title='bbox 1009 1259 1145 1326; x_wconf 89' lang='lat' dir='ltr'>constat,</span> <span class='ocrx_word' id='word_1_33' title='bbox 1160 1252 1226 1331; x_wconf 86' lang='lat' dir='ltr'>regi</span> <span class='ocrx_word' id='word_1_34' title='bbox 1246 1252 1347 1333; x_wconf 73' lang='lat' dir='ltr'>Syriae</span> 
     </span>
     <span class='ocr_line' id='line_1_6' title="bbox 394 1352 1348 1437; baseline -0.002 -19"><span class='ocrx_word' id='word_1_35' title='bbox 394 1377 467 1418; x_wconf 90' lang='lat' dir='ltr'>eum</span> <span class='ocrx_word' id='word_1_36' title='bbox 490 1353 648 1437; x_wconf 90' lang='lat' dir='ltr'>subjicere</span> <span class='ocrx_word' id='word_1_37' title='bbox 663 1353 784 1415; x_wconf 83' lang='lat' dir='ltr'>volenti</span> <span class='ocrx_word' id='word_1_38' title='bbox 806 1352 959 1429; x_wconf 87' lang='lat' dir='ltr'>servituti,</span> <span class='ocrx_word' id='word_1_39' title='bbox 981 1362 1147 1432; x_wconf 85' lang='lat' dir='ltr'>argentum</span> <span class='ocrx_word' id='word_1_40' title='bbox 1170 1362 1202 1414; x_wconf 92' lang='lat' dir='ltr'>et</span> <span class='ocrx_word' id='word_1_41' title='bbox 1224 1374 1348 1431; x_wconf 89' lang='lat' dir='ltr'>aumm,</span> 
     </span>
     <span class='ocr_line' id='line_1_7' title="bbox 397 1453 1347 1535; baseline -0.001 -16"><span class='ocrx_word' id='word_1_42' title='bbox 397 1477 503 1520; x_wconf 81' lang='lat' dir='ltr'>servos</span> <span class='ocrx_word' id='word_1_43' title='bbox 518 1467 551 1519; x_wconf 89' lang='lat' dir='ltr'>et</span> <span class='ocrx_word' id='word_1_44' title='bbox 566 1455 709 1531; x_wconf 81' lang='lat' dir='ltr'><strong>ancillas,</strong></span> <span class='ocrx_word' id='word_1_45' title='bbox 726 1465 757 1517; x_wconf 89' lang='lat' dir='ltr'>et</span> <span class='ocrx_word' id='word_1_46' title='bbox 772 1453 987 1517; x_wconf 86' lang='lat' dir='ltr'><strong>omnimodam</strong></span> <span class='ocrx_word' id='word_1_47' title='bbox 1008 1454 1250 1535; x_wconf 90' lang='lat' dir='ltr'>supellectilem,</span> <span class='ocrx_word' id='word_1_48' title='bbox 1265 1477 1347 1518; x_wconf 85' lang='lat' dir='ltr'>uxo-</span> 
     </span>
     <span class='ocr_line' id='line_1_8' title="bbox 396 1552 1348 1634; baseline -0.002 -14"><span class='ocrx_word' id='word_1_49' title='bbox 396 1577 473 1633; x_wconf 84' lang='lat' dir='ltr'>rem,</span> <span class='ocrx_word' id='word_1_50' title='bbox 488 1557 572 1619; x_wconf 90' lang='lat' dir='ltr'>filios</span> <span class='ocrx_word' id='word_1_51' title='bbox 588 1561 621 1617; x_wconf 91' lang='lat' dir='ltr'>et</span> <span class='ocrx_word' id='word_1_52' title='bbox 636 1554 731 1630; x_wconf 66' lang='lat' dir='ltr'>filias</span> <span class='ocrx_word' id='word_1_53' title='bbox 747 1563 779 1615; x_wconf 92' lang='lat' dir='ltr'>et</span> <span class='ocrx_word' id='word_1_54' title='bbox 798 1552 928 1617; x_wconf 90' lang='lat' dir='ltr'>tandem</span> <span class='ocrx_word' id='word_1_55' title='bbox 944 1572 978 1614; x_wconf 91' lang='lat' dir='ltr'>se</span> <span class='ocrx_word' id='word_1_56' title='bbox 998 1552 1105 1634; x_wconf 87' lang='lat' dir='ltr'>ipsum</span> <span class='ocrx_word' id='word_1_57' title='bbox 1125 1553 1348 1618; x_wconf 79' lang='lat' dir='ltr'>incunctanter</span> 
     </span>
     <span class='ocr_line' id='line_1_9' title="bbox 397 1653 1348 1740; baseline -0.001 -20"><span class='ocrx_word' id='word_1_58' title='bbox 397 1654 556 1740; x_wconf 85' lang='lat' dir='ltr'>exposuit,</span> <span class='ocrx_word' id='word_1_59' title='bbox 572 1668 604 1720; x_wconf 91' lang='lat' dir='ltr'>et</span> <span class='ocrx_word' id='word_1_60' title='bbox 618 1676 677 1739; x_wconf 87' lang='lat' dir='ltr'>pro</span> <span class='ocrx_word' id='word_1_61' title='bbox 692 1655 764 1736; x_wconf 85' lang='lat' dir='ltr'>lege</span> <span class='ocrx_word' id='word_1_62' title='bbox 779 1653 886 1717; x_wconf 82' lang='lat' dir='ltr'>divina</span> <span class='ocrx_word' id='word_1_63' title='bbox 908 1653 1067 1717; x_wconf 80' lang='lat' dir='ltr'>duntaxat</span> <span class='ocrx_word' id='word_1_64' title='bbox 1082 1676 1148 1717; x_wconf 89' lang='lat' dir='ltr'>non</span> <span class='ocrx_word' id='word_1_65' title='bbox 1164 1667 1214 1717; x_wconf 85' lang='lat' dir='ltr'>est</span> <span class='ocrx_word' id='word_1_66' title='bbox 1229 1658 1348 1721; x_wconf 88' lang='lat' dir='ltr'>veritus</span> 
     </span>
     <span class='ocr_line' id='line_1_10' title="bbox 396 1755 1349 1827; baseline 0 -6"><span class='ocrx_word' id='word_1_67' title='bbox 396 1758 477 1821; x_wconf 90' lang='lat' dir='ltr'>inire</span> <span class='ocrx_word' id='word_1_68' title='bbox 500 1766 670 1820; x_wconf 81' lang='lat' dir='ltr'>certamen.</span> <span class='ocrx_word' id='word_1_69' title='bbox 716 1756 822 1827; x_wconf 85' lang='lat' dir='ltr'>Quum</span> <span class='ocrx_word' id='word_1_70' title='bbox 848 1756 933 1817; x_wconf 90' lang='lat' dir='ltr'>enim</span> <span class='ocrx_word' id='word_1_71' title='bbox 955 1755 1010 1817; x_wconf 84' lang='lat' dir='ltr'>ille</span> <span class='ocrx_word' id='word_1_72' title='bbox 1026 1756 1123 1818; x_wconf 89' lang='lat' dir='ltr'>vellet</span> <span class='ocrx_word' id='word_1_73' title='bbox 1142 1757 1275 1819; x_wconf 86' lang='lat' dir='ltr'>scrutari</span> <span class='ocrx_word' id='word_1_74' title='bbox 1291 1758 1349 1822; x_wconf 93' lang='lat' dir='ltr'>do·</span> 
     </span>
     <span class='ocr_line' id='line_1_11' title="bbox 397 1857 1348 1942; baseline 0.001 -21"><span class='ocrx_word' id='word_1_75' title='bbox 397 1881 484 1923; x_wconf 91' lang='lat' dir='ltr'>mum</span> <span class='ocrx_word' id='word_1_76' title='bbox 499 1871 534 1922; x_wconf 91' lang='lat' dir='ltr'>ut</span> <span class='ocrx_word' id='word_1_77' title='bbox 549 1858 701 1942; x_wconf 86' lang='lat' dir='ltr'>diriperet</span> <span class='ocrx_word' id='word_1_78' title='bbox 721 1859 836 1938; x_wconf 86' lang='lat' dir='ltr'>legem,</span> <span class='ocrx_word' id='word_1_79' title='bbox 851 1857 1047 1921; x_wconf 83' lang='lat' dir='ltr'>contradixit</span> <span class='ocrx_word' id='word_1_80' title='bbox 1068 1857 1098 1920; x_wconf 91' lang='lat' dir='ltr'>ei</span> <span class='ocrx_word' id='word_1_81' title='bbox 1120 1858 1233 1921; x_wconf 88' lang='lat' dir='ltr'>Achab</span> <span class='ocrx_word' id='word_1_82' title='bbox 1249 1860 1348 1923; x_wconf 80' lang='lat' dir='ltr'>ricto·</span> 
     </span>
     <span class='ocr_line' id='line_1_12' title="bbox 396 1957 1347 2043; baseline 0.001 -21"><span class='ocrx_word' id='word_1_83' title='bbox 396 1960 537 2043; x_wconf 88' lang='lat' dir='ltr'>riamque</span> <span class='ocrx_word' id='word_1_84' title='bbox 560 1957 742 2041; x_wconf 85' lang='lat' dir='ltr'>promemit.</span> <span class='ocrx_word' id='word_1_85' title='bbox 788 1958 873 2029; x_wconf 81' lang='lat' dir='ltr'>Quia</span> <span class='ocrx_word' id='word_1_86' title='bbox 892 1958 952 2020; x_wconf 91' lang='lat' dir='ltr'>etsi</span> <span class='ocrx_word' id='word_1_87' title='bbox 972 1959 1051 2021; x_wconf 82' lang='lat' dir='ltr'>alias</span> <span class='ocrx_word' id='word_1_88' title='bbox 1072 1961 1226 2041; x_wconf 90' lang='lat' dir='ltr'>reprobus</span> <span class='ocrx_word' id='word_1_89' title='bbox 1243 1962 1292 2023; x_wconf 89' lang='lat' dir='ltr'>vel</span> <span class='ocrx_word' id='word_1_90' title='bbox 1314 1961 1347 2023; x_wconf 92' lang='lat' dir='ltr'>in</span> 
     </span>
     <span class='ocr_line' id='line_1_13' title="bbox 395 2057 1350 2141; baseline 0.001 -19"><span class='ocrx_word' id='word_1_91' title='bbox 395 2058 455 2122; x_wconf 89' lang='lat' dir='ltr'>hac</span> <span class='ocrx_word' id='word_1_92' title='bbox 478 2068 569 2141; x_wconf 86' lang='lat' dir='ltr'>parte</span> <span class='ocrx_word' id='word_1_93' title='bbox 592 2057 770 2120; x_wconf 90' lang='lat' dir='ltr'>Dominum</span> <span class='ocrx_word' id='word_1_94' title='bbox 792 2057 970 2134; x_wconf 86' lang='lat' dir='ltr'>honoravit,</span> <span class='ocrx_word' id='word_1_95' title='bbox 988 2078 1047 2139; x_wconf 91' lang='lat' dir='ltr'>pro</span> <span class='ocrx_word' id='word_1_96' title='bbox 1071 2079 1134 2140; x_wconf 90' lang='lat' dir='ltr'>qua</span> <span class='ocrx_word' id='word_1_97' title='bbox 1154 2079 1230 2141; x_wconf 84' lang='lat' dir='ltr'>ergo</span> <span class='ocrx_word' id='word_1_98' title='bbox 1252 2082 1350 2129; x_wconf 83' lang='lat' dir='ltr'>causa</span> 
     </span>
     <span class='ocr_line' id='line_1_14' title="bbox 396 2156 1346 2240; baseline 0.003 -20"><span class='ocrx_word' id='word_1_99' title='bbox 396 2158 545 2238; x_wconf 85' lang='lat' dir='ltr'>religiose</span> <span class='ocrx_word' id='word_1_100' title='bbox 562 2156 775 2232; x_wconf 85' lang='lat' dir='ltr'>contenditur,</span> <span class='ocrx_word' id='word_1_101' title='bbox 791 2156 898 2219; x_wconf 91' lang='lat' dir='ltr'>sinon</span> <span class='ocrx_word' id='word_1_102' title='bbox 915 2178 974 2240; x_wconf 91' lang='lat' dir='ltr'>pro</span> <span class='ocrx_word' id='word_1_103' title='bbox 996 2157 1066 2238; x_wconf 87' lang='lat' dir='ltr'>lege</span> <span class='ocrx_word' id='word_1_104' title='bbox 1089 2157 1153 2219; x_wconf 92' lang='lat' dir='ltr'>Dei</span> <span class='ocrx_word' id='word_1_105' title='bbox 1168 2158 1346 2223; x_wconf 79' lang='lat' dir='ltr'>servanda?</span> 
     </span>
     <span class='ocr_line' id='line_1_15' title="bbox 396 2257 1348 2343; baseline 0.002 -22"><span class='ocrx_word' id='word_1_106' title='bbox 396 2280 513 2343; x_wconf 86' lang='lat' dir='ltr'>nempe</span> <span class='ocrx_word' id='word_1_107' title='bbox 533 2258 605 2322; x_wconf 87' lang='lat' dir='ltr'>haee</span> <span class='ocrx_word' id='word_1_108' title='bbox 626 2257 825 2340; x_wconf 89' lang='lat' dir='ltr'>iniquitatem</span> <span class='ocrx_word' id='word_1_109' title='bbox 849 2258 1010 2341; x_wconf 89' lang='lat' dir='ltr'>prohibet,</span> <span class='ocrx_word' id='word_1_110' title='bbox 1025 2275 1058 2320; x_wconf 81' lang='lat' dir='ltr'>et</span> <span class='ocrx_word' id='word_1_111' title='bbox 1079 2260 1260 2341; x_wconf 89' lang='lat' dir='ltr'>pastoribus</span> <span class='ocrx_word' id='word_1_112' title='bbox 1282 2262 1348 2323; x_wconf 77' lang='lat' dir='ltr'>Ec-</span> 
     </span>
     <span class='ocr_line' id='line_1_16' title="bbox 396 2360 1348 2444; baseline -0.003 -16"><span class='ocrx_word' id='word_1_113' title='bbox 396 2360 737 2444; x_wconf 86' lang='lat' dir='ltr'>clesiaepraeserihit,ut</span> <span class='ocrx_word' id='word_1_114' title='bbox 746 2381 873 2422; x_wconf 88' lang='lat' dir='ltr'>omnem</span> <span class='ocrx_word' id='word_1_115' title='bbox 884 2360 1348 2425; x_wconf 89' lang='lat' dir='ltr'>ulciscanturinobedientiam.</span> 
     </span>
     <span class='ocr_line' id='line_1_17' title="bbox 396 2461 1348 2546; baseline 0.003 -22"><span class='ocrx_word' id='word_1_116' title='bbox 396 2461 462 2525; x_wconf 87' lang='lat' dir='ltr'>Sed</span> <span class='ocrx_word' id='word_1_117' title='bbox 476 2462 609 2524; x_wconf 88' lang='lat' dir='ltr'>fortasse</span> <span class='ocrx_word' id='word_1_118' title='bbox 625 2461 905 2541; x_wconf 81' lang='lat' dir='ltr'>Archisynagogus</span> <span class='ocrx_word' id='word_1_119' title='bbox 920 2461 1122 2545; x_wconf 85' lang='lat' dir='ltr'>iniquitatem</span> <span class='ocrx_word' id='word_1_120' title='bbox 1136 2462 1236 2540; x_wconf 86' lang='lat' dir='ltr'>novit,</span> <span class='ocrx_word' id='word_1_121' title='bbox 1250 2485 1348 2546; x_wconf 89' lang='lat' dir='ltr'>quam</span> 
     </span>
     <span class='ocr_line' id='line_1_18' title="bbox 396 2561 1348 2644; baseline 0.001 -19"><span class='ocrx_word' id='word_1_122' title='bbox 396 2563 487 2625; x_wconf 91' lang='lat' dir='ltr'>Dens</span> <span class='ocrx_word' id='word_1_123' title='bbox 512 2583 579 2625; x_wconf 89' lang='lat' dir='ltr'>non</span> <span class='ocrx_word' id='word_1_124' title='bbox 605 2561 771 2644; x_wconf 86' lang='lat' dir='ltr'>prohibet:</span> <span class='ocrx_word' id='word_1_125' title='bbox 806 2568 861 2623; x_wconf 88' lang='lat' dir='ltr'>aut</span> <span class='ocrx_word' id='word_1_126' title='bbox 890 2581 986 2644; x_wconf 87' lang='lat' dir='ltr'>quam</span> <span class='ocrx_word' id='word_1_127' title='bbox 1016 2562 1097 2625; x_wconf 86' lang='lat' dir='ltr'>nolit</span> <span class='ocrx_word' id='word_1_128' title='bbox 1126 2563 1167 2625; x_wconf 92' lang='lat' dir='ltr'>ab</span> <span class='ocrx_word' id='word_1_129' title='bbox 1190 2564 1348 2627; x_wconf 72' lang='lat' dir='ltr'>Ecclesiae</span> 
     </span>
     <span class='ocr_line' id='line_1_19' title="bbox 395 2662 1348 2747; baseline 0 -20"><span class='ocrx_word' id='word_1_130' title='bbox 395 2664 577 2747; x_wconf 90' lang='lat' dir='ltr'>pastoribus</span> <span class='ocrx_word' id='word_1_131' title='bbox 598 2663 769 2745; x_wconf 86' lang='lat' dir='ltr'>increpari,</span> <span class='ocrx_word' id='word_1_132' title='bbox 792 2673 824 2726; x_wconf 90' lang='lat' dir='ltr'>et</span> <span class='ocrx_word' id='word_1_133' title='bbox 846 2662 873 2724; x_wconf 88' lang='lat' dir='ltr'>si</span> <span class='ocrx_word' id='word_1_134' title='bbox 895 2662 965 2727; x_wconf 89' lang='lat' dir='ltr'>fieri</span> <span class='ocrx_word' id='word_1_135' title='bbox 986 2673 1092 2747; x_wconf 90' lang='lat' dir='ltr'>potest</span> <span class='ocrx_word' id='word_1_136' title='bbox 1113 2663 1258 2726; x_wconf 87' lang='lat' dir='ltr'>mandari</span> <span class='ocrx_word' id='word_1_137' title='bbox 1279 2666 1348 2728; x_wconf 81' lang='lat' dir='ltr'>vin·</span> 
     </span>
     <span class='ocr_line' id='line_1_20' title="bbox 396 2764 1349 2846; baseline -0.001 -18"><span class='ocrx_word' id='word_1_138' title='bbox 396 2764 502 2828; x_wconf 82' lang='lat' dir='ltr'>dictae.</span> <span class='ocrx_word' id='word_1_139' title='bbox 548 2765 645 2827; x_wconf 84' lang='lat' dir='ltr'>Hanc</span> <span class='ocrx_word' id='word_1_140' title='bbox 662 2785 738 2826; x_wconf 89' lang='lat' dir='ltr'>sane</span> <span class='ocrx_word' id='word_1_141' title='bbox 761 2765 893 2846; x_wconf 85' lang='lat' dir='ltr'>Moyses</span> <span class='ocrx_word' id='word_1_142' title='bbox 916 2773 949 2828; x_wconf 90' lang='lat' dir='ltr'>et</span> <span class='ocrx_word' id='word_1_143' title='bbox 971 2764 1094 2827; x_wconf 90' lang='lat' dir='ltr'>Doctor</span> <span class='ocrx_word' id='word_1_144' title='bbox 1116 2766 1259 2845; x_wconf 82' lang='lat' dir='ltr'>gentium</span> <span class='ocrx_word' id='word_1_145' title='bbox 1281 2786 1349 2827; x_wconf 91' lang='lat' dir='ltr'>non</span> 
     </span>
     <span class='ocr_line' id='line_1_21' title="bbox 395 2864 1349 2949; baseline 0 -20"><span class='ocrx_word' id='word_1_146' title='bbox 395 2875 568 2929; x_wconf 86' lang='lat' dir='ltr'>noverunt:</span> <span class='ocrx_word' id='word_1_147' title='bbox 591 2865 647 2929; x_wconf 89' lang='lat' dir='ltr'>sed</span> <span class='ocrx_word' id='word_1_148' title='bbox 662 2864 834 2949; x_wconf 75' lang='lat' dir='ltr'>praetendit</span> <span class='ocrx_word' id='word_1_149' title='bbox 849 2865 927 2947; x_wconf 87' lang='lat' dir='ltr'>quia</span> <span class='ocrx_word' id='word_1_150' title='bbox 946 2866 1089 2928; x_wconf 89' lang='lat' dir='ltr'>Joannes</span> <span class='ocrx_word' id='word_1_151' title='bbox 1111 2867 1264 2946; x_wconf 85' lang='lat' dir='ltr'>arguebat</span> <span class='ocrx_word' id='word_1_152' title='bbox 1278 2867 1349 2929; x_wconf 91' lang='lat' dir='ltr'>He-</span> 
     </span>
     <span class='ocr_line' id='line_1_22' title="bbox 396 2965 1349 3050; baseline 0.003 -21"><span class='ocrx_word' id='word_1_153' title='bbox 396 2966 505 3040; x_wconf 80' lang='lat' dir='ltr'>rodem</span> <span class='ocrx_word' id='word_1_154' title='bbox 526 2968 560 3029; x_wconf 93' lang='lat' dir='ltr'>in</span> <span class='ocrx_word' id='word_1_155' title='bbox 582 2968 694 3050; x_wconf 87' lang='lat' dir='ltr'>spiritu</span> <span class='ocrx_word' id='word_1_156' title='bbox 714 2965 864 3037; x_wconf 82' lang='lat' dir='ltr'>lenitatis,</span> <span class='ocrx_word' id='word_1_157' title='bbox 879 2966 1025 3029; x_wconf 89' lang='lat' dir='ltr'>illicitum</span> <span class='ocrx_word' id='word_1_158' title='bbox 1046 2987 1116 3030; x_wconf 92' lang='lat' dir='ltr'>esse</span> <span class='ocrx_word' id='word_1_159' title='bbox 1137 2967 1349 3047; x_wconf 88' lang='lat' dir='ltr'>denuncians,</span> 
     </span>
     <span class='ocr_line' id='line_1_23' title="bbox 396 3068 1349 3155; baseline 0.003 -23"><span class='ocrx_word' id='word_1_160' title='bbox 396 3080 433 3132; x_wconf 88' lang='lat' dir='ltr'>ut</span> <span class='ocrx_word' id='word_1_161' title='bbox 455 3068 558 3130; x_wconf 82' lang='lat' dir='ltr'>fratris</span> <span class='ocrx_word' id='word_1_162' title='bbox 583 3068 717 3132; x_wconf 84' lang='lat' dir='ltr'>viventis</span> <span class='ocrx_word' id='word_1_163' title='bbox 742 3070 925 3141; x_wconf 86' lang='lat' dir='ltr'>abuteretur</span> <span class='ocrx_word' id='word_1_164' title='bbox 954 3090 1065 3132; x_wconf 82' lang='lat' dir='ltr'>uxore.</span> <span class='ocrx_word' id='word_1_165' title='bbox 1115 3070 1211 3143; x_wconf 88' lang='lat' dir='ltr'>Quod</span> <span class='ocrx_word' id='word_1_166' title='bbox 1237 3072 1349 3155; x_wconf 90' lang='lat' dir='ltr'>utique</span> 
     </span>
     <span class='ocr_line' id='line_1_24' title="bbox 397 3168 1349 3253; baseline 0.003 -22"><span class='ocrx_word' id='word_1_167' title='bbox 397 3168 509 3248; x_wconf 88' lang='lat' dir='ltr'>dicens</span> <span class='ocrx_word' id='word_1_168' title='bbox 537 3190 602 3238; x_wconf 89' lang='lat' dir='ltr'>non</span> <span class='ocrx_word' id='word_1_169' title='bbox 630 3178 694 3238; x_wconf 82' lang='lat' dir='ltr'>tam</span> <span class='ocrx_word' id='word_1_170' title='bbox 720 3168 888 3251; x_wconf 88' lang='lat' dir='ltr'>imperitiae</span> <span class='ocrx_word' id='word_1_171' title='bbox 916 3190 1011 3253; x_wconf 88' lang='lat' dir='ltr'>quam</span> <span class='ocrx_word' id='word_1_172' title='bbox 1038 3171 1174 3251; x_wconf 69' lang='lat' dir='ltr'>ignaviae</span> <span class='ocrx_word' id='word_1_173' title='bbox 1200 3173 1349 3235; x_wconf 89' lang='lat' dir='ltr'>solatium</span> 
     </span>
     <span class='ocr_line' id='line_1_25' title="bbox 397 3270 1350 3354; baseline 0.003 -21"><span class='ocrx_word' id='word_1_174' title='bbox 397 3271 516 3353; x_wconf 77' lang='lat' dir='ltr'>quaerit,</span> <span class='ocrx_word' id='word_1_175' title='bbox 533 3290 631 3354; x_wconf 84' lang='lat' dir='ltr'>quum</span> <span class='ocrx_word' id='word_1_176' title='bbox 650 3279 771 3337; x_wconf 85' lang='lat' dir='ltr'>certum</span> <span class='ocrx_word' id='word_1_177' title='bbox 795 3272 836 3332; x_wconf 89' lang='lat' dir='ltr'>sit</span> <span class='ocrx_word' id='word_1_178' title='bbox 856 3270 1039 3335; x_wconf 90' lang='lat' dir='ltr'>Johannem</span> <span class='ocrx_word' id='word_1_179' title='bbox 1061 3273 1107 3334; x_wconf 90' lang='lat' dir='ltr'>ibi</span> <span class='ocrx_word' id='word_1_180' title='bbox 1124 3294 1191 3335; x_wconf 91' lang='lat' dir='ltr'>non</span> <span class='ocrx_word' id='word_1_181' title='bbox 1213 3274 1350 3352; x_wconf 82' lang='lat' dir='ltr'>gessisse</span> 
     </span>
     <span class='ocr_line' id='line_1_26' title="bbox 397 3368 1348 3455; baseline 0.003 -21"><span class='ocrx_word' id='word_1_182' title='bbox 397 3392 565 3455; x_wconf 83' lang='lat' dir='ltr'>personam</span> <span class='ocrx_word' id='word_1_183' title='bbox 586 3368 760 3453; x_wconf 83' lang='lat' dir='ltr'>pontificis,</span> <span class='ocrx_word' id='word_1_184' title='bbox 777 3372 829 3434; x_wconf 89' lang='lat' dir='ltr'>cui</span> <span class='ocrx_word' id='word_1_185' title='bbox 852 3371 1054 3435; x_wconf 85' lang='lat' dir='ltr'>incumberet</span> <span class='ocrx_word' id='word_1_186' title='bbox 1075 3374 1227 3436; x_wconf 87' lang='lat' dir='ltr'>correctio</span> <span class='ocrx_word' id='word_1_187' title='bbox 1250 3373 1348 3437; x_wconf 91' lang='lat' dir='ltr'>delic-</span> 
     </span>
     <span class='ocr_line' id='line_1_27' title="bbox 396 3472 1351 3557; baseline 0.001 -20"><span class='ocrx_word' id='word_1_188' title='bbox 396 3486 511 3551; x_wconf 89' lang='lat' dir='ltr'>tomm,</span> <span class='ocrx_word' id='word_1_189' title='bbox 526 3472 584 3535; x_wconf 89' lang='lat' dir='ltr'>sed</span> <span class='ocrx_word' id='word_1_190' title='bbox 598 3474 757 3556; x_wconf 88' lang='lat' dir='ltr'>praeconis</span> <span class='ocrx_word' id='word_1_191' title='bbox 772 3473 871 3551; x_wconf 86' lang='lat' dir='ltr'>verbi,</span> <span class='ocrx_word' id='word_1_192' title='bbox 882 3494 983 3556; x_wconf 90' lang='lat' dir='ltr'>penes</span> <span class='ocrx_word' id='word_1_193' title='bbox 999 3496 1093 3557; x_wconf 91' lang='lat' dir='ltr'>quem</span> <span class='ocrx_word' id='word_1_194' title='bbox 1109 3483 1177 3537; x_wconf 89' lang='lat' dir='ltr'>erat</span> <span class='ocrx_word' id='word_1_195' title='bbox 1192 3475 1351 3538; x_wconf 89' lang='lat' dir='ltr'>duntaxat</span> 
     </span>
     <span class='ocr_line' id='line_1_28' title="bbox 397 3574 1350 3658; baseline 0.001 -22"><span class='ocrx_word' id='word_1_196' title='bbox 397 3574 606 3657; x_wconf 82' lang='lat' dir='ltr'>gerendorum</span> <span class='ocrx_word' id='word_1_197' title='bbox 621 3574 839 3653; x_wconf 89' lang='lat' dir='ltr'>denunciatio,</span> <span class='ocrx_word' id='word_1_198' title='bbox 851 3586 883 3636; x_wconf 92' lang='lat' dir='ltr'>et</span> <span class='ocrx_word' id='word_1_199' title='bbox 897 3576 1071 3658; x_wconf 89' lang='lat' dir='ltr'>increpatio</span> <span class='ocrx_word' id='word_1_200' title='bbox 1083 3576 1241 3637; x_wconf 84' lang='lat' dir='ltr'>vitiorum.</span> <span class='ocrx_word' id='word_1_201' title='bbox 1271 3577 1350 3637; x_wconf 91' lang='lat' dir='ltr'>Heli</span> 
     </span>
     <span class='ocr_line' id='line_1_29' title="bbox 399 3674 1351 3759; baseline 0.003 -22"><span class='ocrx_word' id='word_1_202' title='bbox 399 3675 527 3759; x_wconf 90' lang='lat' dir='ltr'>quidem</span> <span class='ocrx_word' id='word_1_203' title='bbox 551 3675 705 3758; x_wconf 88' lang='lat' dir='ltr'>corripuit</span> <span class='ocrx_word' id='word_1_204' title='bbox 731 3675 828 3753; x_wconf 87' lang='lat' dir='ltr'>filios,</span> <span class='ocrx_word' id='word_1_205' title='bbox 851 3674 908 3737; x_wconf 92' lang='lat' dir='ltr'>sed</span> <span class='ocrx_word' id='word_1_206' title='bbox 934 3677 1053 3737; x_wconf 82' lang='lat' dir='ltr'>affectu</span> <span class='ocrx_word' id='word_1_207' title='bbox 1074 3676 1181 3758; x_wconf 90' lang='lat' dir='ltr'>potius</span> <span class='ocrx_word' id='word_1_208' title='bbox 1204 3689 1237 3739; x_wconf 90' lang='lat' dir='ltr'>et</span> <span class='ocrx_word' id='word_1_209' title='bbox 1262 3699 1351 3740; x_wconf 90' lang='lat' dir='ltr'>man·</span> 
     </span>
     <span class='ocr_line' id='line_1_30' title="bbox 397 3776 1350 3865; baseline 0.003 -24"><span class='ocrx_word' id='word_1_210' title='bbox 397 3776 566 3849; x_wconf 89' lang='lat' dir='ltr'>suetudine</span> <span class='ocrx_word' id='word_1_211' title='bbox 582 3779 682 3861; x_wconf 88' lang='lat' dir='ltr'>patris</span> <span class='ocrx_word' id='word_1_212' title='bbox 698 3800 794 3861; x_wconf 88' lang='lat' dir='ltr'>quam</span> <span class='ocrx_word' id='word_1_213' title='bbox 810 3778 978 3841; x_wconf 86' lang='lat' dir='ltr'>severitate</span> <span class='ocrx_word' id='word_1_214' title='bbox 994 3791 1027 3840; x_wconf 87' lang='lat' dir='ltr'>et</span> <span class='ocrx_word' id='word_1_215' title='bbox 1041 3780 1228 3844; x_wconf 87' lang='lat' dir='ltr'>auctoritate</span> <span class='ocrx_word' id='word_1_216' title='bbox 1243 3782 1350 3865; x_wconf 86' lang='lat' dir='ltr'>ponti-</span> 
     </span>
     <span class='ocr_line' id='line_1_31' title="bbox 397 3879 1351 3961; baseline 0.004 -21"><span class='ocrx_word' id='word_1_217' title='bbox 397 3879 478 3942; x_wconf 90' lang='lat' dir='ltr'>ficis.</span> <span class='ocrx_word' id='word_1_218' title='bbox 523 3879 585 3941; x_wconf 91' lang='lat' dir='ltr'>Pro</span> <span class='ocrx_word' id='word_1_219' title='bbox 608 3880 696 3942; x_wconf 91' lang='lat' dir='ltr'>omni</span> <span class='ocrx_word' id='word_1_220' title='bbox 719 3899 795 3960; x_wconf 85' lang='lat' dir='ltr'>ergo</span> <span class='ocrx_word' id='word_1_221' title='bbox 818 3879 935 3944; x_wconf 84' lang='lat' dir='ltr'>divinae</span> <span class='ocrx_word' id='word_1_222' title='bbox 958 3879 1039 3961; x_wconf 86' lang='lat' dir='ltr'>legis</span> <span class='ocrx_word' id='word_1_223' title='bbox 1062 3880 1195 3944; x_wconf 88' lang='lat' dir='ltr'>articulo</span> <span class='ocrx_word' id='word_1_224' title='bbox 1218 3893 1351 3945; x_wconf 88' lang='lat' dir='ltr'>conten-</span> 
     </span>
     <span class='ocr_line' id='line_1_32' title="bbox 398 3979 1352 4063; baseline 0 -18"><span class='ocrx_word' id='word_1_225' title='bbox 398 3980 539 4045; x_wconf 90' lang='lat' dir='ltr'>dendum</span> <span class='ocrx_word' id='word_1_226' title='bbox 560 3992 607 4043; x_wconf 88' lang='lat' dir='ltr'>est</span> <span class='ocrx_word' id='word_1_227' title='bbox 622 3989 653 4043; x_wconf 88' lang='lat' dir='ltr'>et</span> <span class='ocrx_word' id='word_1_228' title='bbox 668 3979 881 4063; x_wconf 87' lang='lat' dir='ltr'>potestatibus</span> <span class='ocrx_word' id='word_1_229' title='bbox 896 3980 1135 4045; x_wconf 90' lang='lat' dir='ltr'>ascendendum</span> <span class='ocrx_word' id='word_1_230' title='bbox 1151 4004 1192 4045; x_wconf 83' lang='lat' dir='ltr'>ex</span> <span class='ocrx_word' id='word_1_231' title='bbox 1208 3981 1352 4057; x_wconf 87' lang='lat' dir='ltr'>adverso,</span> 
     </span>
     <span class='ocr_line' id='line_1_33' title="bbox 396 4083 1350 4168; baseline -0.003 -21"><span class='ocrx_word' id='word_1_232' title='bbox 396 4096 429 4147; x_wconf 87' lang='lat' dir='ltr'>et</span> <span class='ocrx_word' id='word_1_233' title='bbox 444 4083 598 4168; x_wconf 92' lang='lat' dir='ltr'>quicquid</span> <span class='ocrx_word' id='word_1_234' title='bbox 613 4086 777 4148; x_wconf 88' lang='lat' dir='ltr'>caritatem</span> <span class='ocrx_word' id='word_1_235' title='bbox 799 4085 977 4166; x_wconf 87' lang='lat' dir='ltr'>impugnat,</span> <span class='ocrx_word' id='word_1_236' title='bbox 993 4106 1065 4167; x_wconf 88' lang='lat' dir='ltr'>qnae</span> <span class='ocrx_word' id='word_1_237' title='bbox 1087 4085 1167 4165; x_wconf 86' lang='lat' dir='ltr'>legis</span> <span class='ocrx_word' id='word_1_238' title='bbox 1182 4095 1231 4147; x_wconf 89' lang='lat' dir='ltr'>est</span> <span class='ocrx_word' id='word_1_239' title='bbox 1248 4084 1350 4166; x_wconf 87' lang='lat' dir='ltr'>pleni-</span> 
     </span>
     <span class='ocr_line' id='line_1_34' title="bbox 394 4185 1349 4267; baseline -0.004 -17"><span class='ocrx_word' id='word_1_240' title='bbox 394 4186 487 4263; x_wconf 90' lang='lat' dir='ltr'>tudo,</span> <span class='ocrx_word' id='word_1_241' title='bbox 513 4187 586 4248; x_wconf 90' lang='lat' dir='ltr'>totis</span> <span class='ocrx_word' id='word_1_242' title='bbox 608 4187 730 4248; x_wconf 81' lang='lat' dir='ltr'>viribus</span> <span class='ocrx_word' id='word_1_243' title='bbox 756 4185 1014 4248; x_wconf 85' lang='lat' dir='ltr'>subvertendum.</span> <span class='ocrx_word' id='word_1_244' title='bbox 1061 4185 1125 4248; x_wconf 86' lang='lat' dir='ltr'>Sed</span> <span class='ocrx_word' id='word_1_245' title='bbox 1149 4185 1294 4267; x_wconf 87' lang='lat' dir='ltr'>profecto</span> <span class='ocrx_word' id='word_1_246' title='bbox 1316 4185 1349 4246; x_wconf 93' lang='lat' dir='ltr'>in</span> 
     </span>
     <span class='ocr_line' id='line_1_35' title="bbox 390 4284 1352 4368; baseline -0.001 -19"><span class='ocrx_word' id='word_1_247' title='bbox 390 4288 530 4368; x_wconf 83' lang='lat' dir='ltr'>figuram</span> <span class='ocrx_word' id='word_1_248' title='bbox 547 4286 717 4350; x_wconf 89' lang='lat' dir='ltr'>sacerdotii</span> <span class='ocrx_word' id='word_1_249' title='bbox 738 4287 827 4348; x_wconf 92' lang='lat' dir='ltr'>Deus</span> <span class='ocrx_word' id='word_1_250' title='bbox 847 4286 966 4347; x_wconf 87' lang='lat' dir='ltr'>tribum</span> <span class='ocrx_word' id='word_1_251' title='bbox 988 4285 1162 4348; x_wconf 86' lang='lat' dir='ltr'>Leviticam</span> <span class='ocrx_word' id='word_1_252' title='bbox 1178 4284 1352 4366; x_wconf 89' lang='lat' dir='ltr'>apublicis</span> 
     </span>
     <span class='ocr_line' id='line_1_36' title="bbox 396 4382 1350 4465; baseline -0.003 -15"><span class='ocrx_word' id='word_1_253' title='bbox 396 4388 629 4462; x_wconf 82' lang='lat' dir='ltr'>functionibus,</span> <span class='ocrx_word' id='word_1_254' title='bbox 641 4386 724 4450; x_wconf 89' lang='lat' dir='ltr'>sicut</span> <span class='ocrx_word' id='word_1_255' title='bbox 739 4387 771 4463; x_wconf 79' lang='lat' dir='ltr'>ip</span> <span class='ocrx_word' id='word_1_256' title='bbox 790 4384 939 4459; x_wconf 85' lang='lat' dir='ltr'>Numeris</span> <span class='ocrx_word' id='word_1_257' title='bbox 953 4384 1078 4465; x_wconf 81' lang='lat' dir='ltr'>legitur,</span> <span class='ocrx_word' id='word_1_258' title='bbox 1090 4382 1264 4446; x_wconf 89' lang='lat' dir='ltr'>immunem</span> <span class='ocrx_word' id='word_1_259' title='bbox 1280 4405 1350 4447; x_wconf 90' lang='lat' dir='ltr'>esse</span> 
     </span>
    </p>
   </div>
   <div class='ocr_carea' id='block_1_3' title="bbox 517 4667 547 4715">
    <p class='ocr_par' dir='ltr' id='par_1_3' title="bbox 517 4667 547 4715">
     <span class='ocr_line' id='line_1_37' title="bbox 517 4667 547 4715; baseline 0 0"><span class='ocrx_word' id='word_1_260' title='bbox 517 4667 547 4715; x_wconf 73' lang='lat'><em>0</em></span> 
     </span>
    </p>
   </div>
   <div class='ocr_carea' id='block_1_4' title="bbox 0 0 1875 5484">
    <p class='ocr_par' dir='ltr' id='par_1_4' title="bbox 0 0 1875 5484">
     <span class='ocr_line' id='line_1_38' title="bbox 0 0 1875 5484; baseline 0 0"><span class='ocrx_word' id='word_1_261' title='bbox 0 0 1875 5484; x_wconf 95' lang='lat' dir='ltr'> </span> 
     </span>
    </p>
   </div>
  </div>
 </body>
</html>
