3734 5484
523 785 582 845 164
795 797 930 841 scaurus
947 796 1224 842 saansaamanms
1373 778 1418 852 [A.
1437 796 1467 838 n.

519 946 728 1032 tingentibus,
748 959 906 1030 quatenus
926 966 1031 1009 causae
1049 968 1151 1031 genus
1168 943 1368 1020 admittebat,
1389 943 1469 1008 nihil

520 1047 678 1110 omittens.
725 1046 788 1110 Sed
811 1059 916 1111 vester
937 1046 991 1109 ille
1015 1047 1195 1125 Mancrius‚
1218 1045 1269 1110 cni
1291 1044 1373 1108 forte
1394 1044 1470 1108 inde

516 1170 694 1230 congruum
718 1170 843 1224 nomen,
867 1147 954 1233 quod
978 1169 1068 1211 mane
1091 1169 1184 1212 ruens
1199 1146 1231 1210 in
1254 1145 1467 1231 praecipitium

518 1248 632 1326 tendit,
654 1248 765 1311 datum
788 1259 848 1323 est,
871 1270 929 1310 nec
951 1246 1038 1331 apud
1054 1268 1121 1322 nos,
1144 1268 1201 1309 nec
1225 1245 1311 1329 apud
1328 1258 1470 1330 posteros

417 1350 420 1356 '
519 1348 689 1412 habebitur
704 1360 884 1423 excusatus,
901 1346 958 1433 qni
974 1346 1073 1430 sylvis
1087 1359 1119 1410 et
1136 1346 1271 1411 saltibus
1282 1346 1469 1430 peragratis,

518 1471 642 1513 summo
672 1470 804 1534 surgens
826 1447 969 1511 diluculo
994 1446 1161 1510 curialium
1185 1446 1357 1509 venaticam
1380 1470 1470 1510 exer·

518 1552 587 1616 cuit
606 1550 638 1614 in
654 1565 777 1637 patrem
793 1563 825 1614 et
840 1550 1005 1613 dominum
1019 1548 1230 1623 innocentem,
1246 1571 1348 1633 quum
1363 1562 1468 1613 tamen
1514 1576 1517 1583 ’

519 1654 601 1740 pelle
617 1654 743 1718 cervina
763 1652 904 1716 noudum
919 1664 1000 1716 esset
1014 1651 1158 1733 indutus,
1174 1674 1231 1715 nec
1251 1652 1413 1738 expositus
1429 1649 1469 1713 ad

518 1754 660 1841 praedam
692 1754 801 1818 divino
824 1766 916 1818 uutn.
965 1755 1004 1816 ln
1029 1776 1061 1815 se
1085 1756 1245 1839 poeticum
1273 1752 1471 1816 scommatice

519 1867 643 1940 poterat
661 1867 852 1939 retorquere.

642 2005 754 2056 Actaeon
766 2020 815 2071 ego
827 2020 900 2055 sum:
919 2003 1051 2056 dominum
1063 2003 1210 2070 cognoscite
1222 2008 1343 2055 vestrum.

519 2142 603 2207 Etin
612 2139 969 2225 venatoreshnjusmodi
979 2139 1191 2222 evangelicam
1200 2138 1467 2223 loedoriamquam

519 2244 552 2306 in
567 2242 697 2308 Jndaeos
720 2241 869 2305 Christus
883 2240 1019 2304 intorsit.
1064 2242 1173 2305 Malta
1188 2242 1267 2304 bano
1289 2262 1384 2322 opera
1399 2262 1471 2323 ope-

518 2354 613 2408 ratua
633 2344 838 2407 ecatonbion
852 2344 955 2405 Patre
970 2346 1039 2405 Dea
1047 2352 1181 2425 propter
1195 2345 1279 2425 quod
1293 2346 1407 2406 aarum
1424 2366 1471 2407 me

518 2444 618 2508 cultis
638 2445 803 2508 occidere?
824 2442 883 2507 llle
905 2456 1011 2507 tamen
1034 2444 1131 2510 habet
1146 2444 1306 2508 ecclesiam
1325 2467 1414 2507 snam
1437 2457 1469 2509 et

519 2545 650 2611 habebit
665 2545 779 2610 amodo
798 2558 992 2622 excusatam,
1009 2545 1033 2609 si
1050 2559 1156 2611 tamen
1176 2548 1221 2611 rei
1237 2548 1343 2611 exitus
1359 2547 1467 2631 scripti

518 2650 567 2715 tui
581 2650 676 2713 fidem
692 2646 952 2712 corroboraverit.
998 2651 1082 2712 Nam
1104 2650 1198 2713 arbor
1213 2648 1413 2732 cognoscitur
1429 2671 1468 2712 ex

518 2752 627 2817 fructu
658 2774 726 2828 suo,
761 2766 793 2813 et
822 2772 920 2834 opera
948 2748 1146 2833 singulorum
1180 2754 1225 2815 eis
1254 2751 1468 2814 testimonium

519 2854 658 2917 reddunt
689 2853 792 2938 majus
817 2851 950 2917 Joanne.
997 2853 1080 2917 Sunt
1107 2864 1211 2916 tamen
1240 2851 1399 2915 intervos
1425 2864 1470 2915 te·

519 2967 630 3018 nentes
651 2953 828 3016 doctrinam
851 2953 994 3032 Balaam,
1018 2953 1363 3016 excommunicatorum
1387 2975 1470 3015 oom-

515 3053 628 3137 plices,
644 3063 675 3113 et
690 3065 836 3114 auctores
848 3053 974 3126 erroris,
987 3073 1123 3135 qnorum
1141 3054 1265 3130 merito,
1278 3054 1363 3139 qnod
1383 3054 1471 3117 Deus

515 3162 651 3225 avertat,
664 3147 838 3212 timendum
848 3162 907 3227 est,
918 3174 957 3213 ne
970 3164 1037 3215 tota
1049 3155 1178 3219 ecclesia
1190 3156 1290 3219 labem
1308 3154 1472 3218 contrahat

518 3267 551 3319 et
570 3251 725 3315 maculam
747 3251 850 3314 famae.
911 3255 984 3317 Non
1003 3252 1098 3328 enim,
1122 3270 1155 3318 ut
1176 3256 1271 3332 nosti,
1292 3257 1404 3321 dicunt
1424 3257 1471 3319 in·

521 3354 697 3429 sidiatores,
714 3358 735 3389 “
746 3352 819 3415 Hoc
834 3352 909 3416 fecit
921 3351 974 3414 ille
991 3352 1038 3414 vel
1049 3353 1136 3429 ille‚’'
1151 3355 1204 3417 sed
1225 3362 1245 3395 “
1260 3358 1332 3419 Hoc
1347 3358 1469 3423 faciunt

518 3454 663 3520 monachi
688 3456 838 3519 Cantuar.
861 3465 917 3517 aut
940 3453 1142 3522 monachus.'.’
1188 3455 1345 3532 Qualibus
1359 3456 1469 3521 fabula

519 3571 568 3623 est
582 3580 667 3622 nuuc
681 3555 713 3619 in
728 3555 874 3641 partibus
894 3555 1069 3619 cismarinis
1083 3555 1124 3620 de
1143 3556 1298 3640 praedicto
1312 3557 1470 3633 Manerio,

517 3660 611 3743 cujus
638 3679 751 3720 nomen
781 3656 904 3721 celebre
933 3670 981 3721 est
1010 3679 1168 3721 excausa
1196 3657 1348 3733 criminis,
1378 3657 1467 3742 qnod

520 3758 639 3822 virtute
669 3780 730 3820 non
761 3770 908 3840 potuerat
939 3758 1134 3840 promereri?
1159 3759 1252 3833 Quod
1283 3760 1309 3824 si
1331 3760 1360 3823 ei
1390 3759 1471 3823 falso

520 3858 706 3943 imponitur,
732 3878 794 3919 non
822 3879 883 3933 me,
906 3859 962 3921 sed
989 3859 1162 3923 cardinales
1187 3871 1323 3939 accuset,
1346 3863 1404 3946 qui
1430 3860 1470 3925 de

521 3957 622 4043 ipsius
637 3955 850 4043 appellatione
866 3957 1069 4043 scripserunt.
1115 3960 1239 4025 Valete.
