3734 5484
490 810 548 869 168
745 820 882 865 romnis
896 821 1172 867 ssansnsnmuus
1344 804 1388 884 [Α.
1406 824 1438 868 n.

486 987 518 1037 et
533 972 698 1057 exquisitis
708 972 910 1058 juramentis,
920 970 1008 1056 quod
1024 973 1140 1049 omnia,
1153 996 1226 1058 quoe
1238 973 1312 1036 iude
1327 997 1434 1059 perce-

486 1087 587 1158 perat,
612 1074 685 1137 solis
710 1074 848 1137 ecclesiis
874 1086 906 1137 et
935 1072 1029 1136 etiam
1057 1074 1251 1160 pauperibus
1280 1076 1434 1160 erogavit.

487 1175 550 1238 Sed
565 1174 625 1238 hoc
640 1174 748 1239 credat
763 1176 786 1236 J
789 1173 901 1237 udaeus
918 1173 1045 1258 Apella,
1062 1197 1124 1237 non
1143 1198 1212 1260 ego.
1260 1176 1437 1240 Cardinalis

484 1290 589 1341 autem
618 1276 798 1352 subintulit,
824 1275 910 1361 quod
937 1275 995 1339 nisi
1019 1276 1080 1338 alio
1104 1289 1216 1340 utatur
1238 1278 1379 1353 consilio,
1402 1292 1434 1343 et

484 1401 557 1441 cum
581 1378 723 1441 Ecclesia
747 1379 809 1441 Dei
831 1377 941 1441 mitius
965 1389 1050 1461 agat,
1072 1378 1177 1441 omnia
1200 1377 1378 1443 districtius
1402 1392 1434 1443 et

484 1480 578 1543 citius
593 1501 689 1565 quam
705 1479 824 1553 credat,
836 1479 877 1541 ab
892 1478 948 1541 illo
963 1482 1127 1563 requirent
1142 1480 1233 1542 Deus
1244 1492 1275 1543 et
1293 1473 1435 1544 Ecclesia

484 1580 562 1663 ejus.
608 1584 652 1644 Et
669 1582 712 1643 sic
727 1591 857 1666 accepta
870 1580 998 1644 licentia
1020 1581 1060 1642 ab
1076 1604 1113 1643 eo
1128 1581 1266 1644 recessit.
1311 1581 1434 1646 Deinde

483 1682 629 1747 convenit
647 1706 719 1746 eum
736 1682 921 1746 Willelmus
946 1682 1109 1766 Papiensis
1127 1705 1164 1745 eo
1179 1683 1245 1746 fere
1260 1684 1364 1764 mod0,
1380 1683 1435 1747 sed

484 1806 587 1847 semen
604 1784 689 1847 verbi
705 1784 775 1867 ejus
789 1782 903 1847 cecidit
921 1783 954 1846 in
970 1806 1106 1847 arenam.
1145 1785 1310 1848 Facientes
1325 1796 1432 1849 autem

484 1885 652 1948 transitum
668 1906 725 1970 per
742 1883 1047 1949 Christianissimum
1071 1907 1177 1967 regem
1196 1884 1338 1950 Franciae
1354 1885 1434 1949 redi-

483 2001 576 2049 erunt
599 1988 631 2048 in
654 1985 788 2070 gratiam
811 1984 892 2069 ejus,
916 1985 1201 2048 intervenientibus
1223 1986 1335 2070 pactis,
1357 2008 1433 2071 quae

481 2087 572 2151 vobis
587 2087 699 2149 barum
717 2085 845 2170 bajulus
859 2085 1029 2148 intimabit.
1074 2086 1285 2149 Pictavienses
1300 2084 1434 2150 viriliter

481 2198 593 2272 agunt,
608 2201 639 2250 et
655 2188 886 2262 confortantur,
901 2185 1008 2249 omnia
1028 2185 1121 2269 longe
1145 2186 1272 2271 lateque
1290 2186 1433 2273 depopu,

481 2288 582 2351 lantes
597 2288 627 2349 in
643 2287 778 2351 circuitu
796 2308 863 2349 suo.

488 2494 709 2557 EPISTOLA
733 2492 988 2557 CCLXIL-so
1005 2430 1181 2556 tuscani
1207 2445 1418 2572 [Mu-1168]

848 2619 850 2623 -
1099 2578 1107 2632 l

664 2652 704 2719 Β.
720 2650 949 2714 archidiacono
965 2601 1145 2713 anat'eiist'
1159 2649 1193 2711 J.
1210 2649 1246 2713 S.

523 2783 786 2843 Lruuastlrnrls
812 2789 878 2840 tuae
904 2760 1082 2860 diligentia,
1107 2775 1308 2838 dilectissime
1336 2774 1431 2838 Bald-

479 2881 569 2955 wine,
589 2881 773 2942 meritorum
797 2878 964 2943 sedulitate
987 2890 1137 2963 procurat
1161 2891 1197 2942 ut
1220 2879 1329 2941 eadem
1352 2877 1428 2941 mihi

479 3004 602 3065 semper
617 2994 762 3043 occurrat
778 2980 910 3045 materia
925 2981 1125 3065 scriptitandi
1145 3005 1218 3065 quae
1233 2980 1375 3045 consistit
1398 2980 1429 3043 in

477 3083 602 3145 actione
622 3079 807 3161 gratiarum.
854 3082 1023 3144 Beneficiis
1038 3086 1120 3146 enim
1144 3083 1303 3148 continuis
1325 3095 1431 3167 grates

477 3191 601 3266 oportet
618 3178 670 3263 agi
686 3191 856 3263 perpetuas
871 3193 903 3242 et
926 3179 1103 3244 devotionis
1119 3205 1235 3246 munus
1257 3184 1344 3268 quod
1369 3208 1429 3248 usu

476 3282 605 3346 retineri
628 3301 689 3343 non
713 3292 828 3365 potest,
848 3279 944 3343 debet
967 3280 1147 3365 accipientis
1169 3284 1329 3347 memoriae
1350 3285 1430 3348 inse-

476 3384 660 3469 parabiliter
682 3382 813 3447 couniri.
860 3386 933 3447 Hoc
956 3398 1003 3446 est
1027 3382 1112 3467 quod
1135 3383 1261 3447 interim
1285 3408 1428 3469 possum,

475 3499 647 3573 expectans
657 3498 688 3549 et
700 3485 918 3549 indubitanter
932 3506 1061 3570 sperans
1073 3507 1092 3547 a
1107 3484 1246 3547 Domino
1261 3485 1347 3570 quod
1363 3508 1427 3571 pax

475 3588 613 3652 ecclesiae
638 3588 864 3652 reformabitur
889 3587 984 3651 citius
1007 3609 1104 3671 quam
1126 3585 1278 3671 suspicari
1304 3590 1426 3672 possint

475 3690 646 3754 adversarii
668 3690 746 3774 ejus,
762 3702 793 3753 et
817 3690 906 3775 quod
928 3712 986 3753 nos
1005 3688 1149 3753 debitum
1173 3700 1205 3753 et
1229 3687 1284 3752 diu
1307 3688 1429 3752 deside-

475 3802 579 3852 ratum
594 3789 688 3852 officii
711 3791 934 3853 commercium
958 3789 998 3852 ad
1021 3789 1156 3854 invicem
1179 3794 1353 3873 poterimus
1373 3813 1430 3852 ex.

473 3912 588 3952 ercere.
634 3892 702 3952 Nec
718 3888 872 3952 movearis
886 3888 927 3951 ad
951 3889 1073 3953 litteras
1096 3914 1175 3975 quas
1196 3904 1307 3954 contra
1329 3890 1430 3955 eccle·

473 3991 551 4057 siam
568 3989 664 4053 emuli
676 3989 745 4073 ejus
755 4012 774 4052 a
786 3988 859 4051 sede
874 3989 1057 4075 Apostolica
1067 3991 1219 4075 jactitant
1231 3992 1428 4077 impetratas,

474 4094 550 4179 quia
566 4096 636 4157 Deo
655 4090 849 4176 propitiante
870 4089 902 4153 in
927 4090 1073 4175 proximo
1096 4091 1267 4156 auditurus
1291 4117 1324 4159 es
1346 4093 1426 4181 quid

472 4208 621 4278 ageretur
635 4206 667 4257 et
689 4191 844 4277 gaudebit
860 4215 914 4256 cor
930 4203 1034 4256 tuum.
1079 4191 1196 4257 Aderit
1220 4197 1424 4258 moereutium

470 4293 658 4372 consolator,
670 4306 701 4359 et
714 4317 793 4380 quos
804 4294 981 4359 obstinatos
992 4294 1160 4372 invenerit,
1170 4294 1344 4379 majestatis
1356 4316 1422 4356 suae

472 4395 590 4464 virtuto
607 4409 760 4473 conteret,
776 4411 807 4460 et
823 4408 987 4465 exseretur
1003 4397 1035 4460 in
1059 4397 1192 4463 cervices
1215 4393 1421 4465 contumacias
