3734 5484
458 807 521 865 246
718 816 853 862 Jonnnrs
868 814 1146 861 sauasanrnensrs
1316 799 1364 873 [A.
1381 816 1415 861 o.

460 968 514 1055 qui
531 967 747 1053 periclitamur
760 988 800 1030 ex
816 964 937 1031 nostris.
978 963 1163 1030 Carissimos
1178 975 1285 1029 autem
1300 964 1417 1030 fratres

458 1082 581 1135 nostros
603 1081 637 1135 et
657 1069 812 1145 dominos,
835 1067 892 1154 qui
913 1065 1097 1131 beatissimo
1122 1065 1271 1151 Remigio
1291 1065 1416 1153 jugiter

459 1172 664 1250 famulantur,
683 1172 736 1236 vix
751 1171 819 1235 sine
841 1169 964 1255 gemitu
987 1182 1021 1233 et
1043 1168 1194 1255 suspiriis,
1209 1180 1266 1233 aut
1284 1168 1416 1233 madore

458 1272 694 1361 lachrymarum
716 1293 843 1357 possum
866 1270 907 1334 ad
930 1270 1072 1336 animum
1097 1292 1256 1349 revocare,
1272 1270 1416 1336 recolens

458 1396 511 1438 me
526 1375 687 1461 quondam
709 1374 808 1438 instar
825 1372 962 1459 paradisi
983 1371 1119 1437 feliciter
1140 1372 1320 1452 incoluisse,
1335 1373 1414 1438 dum

457 1476 585 1541 illorum
615 1476 786 1563 praesentia
820 1476 960 1552 fruebar,
991 1486 1025 1540 et
1054 1475 1193 1540 caritatis
1227 1474 1416 1561 experiebar

457 1579 642 1664 imaginem,
657 1602 731 1665 quae
746 1578 780 1643 in
796 1588 917 1644 oeterna
931 1577 997 1642 vita
1012 1590 1165 1663 speratur.
1199 1576 1283 1655 lllos,
1293 1598 1416 1663 quaeso,

457 1681 642 1767 diligentius
662 1681 840 1758 sollicitate,
863 1692 900 1745 nt
921 1680 1124 1745 alumnorum
1150 1702 1279 1745 suorum
1301 1679 1416 1744 memi-

458 1784 565 1848 nerint
578 1784 610 1848 in
626 1783 821 1848 orationibus
836 1782 911 1848 suis.
953 1784 1061 1860 Quam
1083 1783 1147 1847 cito
1159 1788 1250 1851 Deua
1264 1802 1415 1868 prospera

457 1886 600 1962 donabit,
610 1885 699 1951 vobis
708 1884 903 1950 currentium
914 1884 1077 1950 literarum
1089 1884 1274 1961 ministerio,
1287 1882 1418 1949 Christo

457 1986 659 2072 propitiante,
674 1986 909 2051 communicare
925 2009 989 2050 non
1005 1986 1159 2052 differam.
1202 1984 1315 2050 Valeat
1329 2007 1414 2050 sem-

458 2101 564 2174 peret
583 2091 689 2175 vigeat
701 2088 853 2155 sanctitas
874 2101 988 2171 vestra,
1003 2100 1036 2154 et
1050 2089 1147 2154 totius
1168 2087 1311 2153 ecclesiae
1326 2110 1416 2173 pros-

458 2191 576 2276 peritas
602 2192 635 2256 in
663 2191 753 2257 bonis
780 2192 929 2256 omnibus
954 2192 1155 2277 provehatur,
1177 2202 1220 2272 et,
1244 2191 1270 2255 si
1295 2190 1415 2277 placet,

456 2315 630 2379 pauperem
641 2296 837 2359 sacerdotem
853 2297 885 2359 S.
900 2296 1027 2360 Cosmae
1039 2294 1298 2361 commendatum
1314 2294 1415 2359 habe·

460 2394 529 2459 atis.

475 2672 615 2737 EPIST.
641 2672 845 2737 CCCL-rn
859 2692 1152 2737 aaaraotonnun
1169 2691 1388 2737 axoumnsan

690 2793 890 2838 narscorun.
940 2775 984 2855 [n.
1002 2796 1033 2839 n.
1053 2775 1162 2856 nro]

573 2956 664 3020 Idem
680 2958 916 3021 Bartholomaeo
930 2958 1115 3022 Enonienst'
1130 2959 1298 3042 Episcopo.

498 3092 668 3152 Eccnnsrn
689 3089 720 3152 in
744 3103 833 3155 arcto
856 3105 913 3171 est,
931 3105 964 3156 et
986 3114 1025 3155 ex
1049 3091 1241 3158 dissensione
1264 3095 1353 3181 regni
1378 3109 1410 3162 et

456 3188 624 3255 sacerdotii
650 3211 718 3252 eam
750 3190 894 3276 undique
924 3206 1075 3278 premunt
1104 3194 1271 3277 ungustiae.
1325 3198 1409 3262 Nam

455 3315 552 3381 quam
569 3314 625 3355 rex
638 3293 779 3378 perimit,
790 3291 845 3356 illa
856 3293 1003 3359 vendicat
1018 3295 1209 3377 libertatem,
1223 3281 1257 3362 ct
1271 3297 1297 3362 si
1313 3299 1410 3366 vellet

454 3417 473 3459 a
488 3407 591 3460 status
606 3394 654 3459 sui
670 3393 851 3459 defensione
866 3417 987 3461 cessare
1002 3407 1035 3460 et
1048 3396 1246 3483 acquiescere
1261 3399 1412 3484 jussioni-

454 3497 515 3561 bus
530 3510 748 3583 tyrannornm,
763 3496 846 3560 illico
860 3496 1110 3582 indignationem
1131 3500 1312 3584 apostolicae
1326 3501 1411 3567 sedis

454 3597 623 3684 exciperet.
671 3598 732 3662 Sed
757 3598 834 3685 quia
858 3598 951 3685 longe
978 3600 1174 3666 tolerabilius
1199 3614 1247 3666 est
1269 3602 1411 3668 incidere

453 3696 485 3759 in
510 3719 623 3762 manus
647 3698 820 3779 hominum,
846 3725 944 3787 quam
969 3701 1188 3789 derelinquere
1210 3700 1311 3790 legem
1335 3705 1409 3783 Dei,

452 3795 715 3863 officiosissimum
734 3813 766 3864 et
786 3801 1074 3868 consiliosissimum
1097 3814 1211 3890 reputo
1232 3829 1295 3871 non
1313 3807 1411 3873 modo

452 3898 620 3964 facultates
631 3914 663 3964 et
675 3902 797 3966 fallacis
806 3903 891 3968 dona
899 3907 1038 3972 fortunae
1051 3929 1109 3992 pro
1120 3911 1240 3975 tuenda
1250 3909 1409 3994 libertate,

454 4023 513 4088 pro
534 4002 660 4088 legibus
682 4004 832 4090 paternis,
853 4006 1002 4090 exemplo
1024 4023 1206 4078 sanctorum
1229 4034 1408 4099 exponere:

452 4104 506 4169 sed
534 4115 566 4167 et
595 4103 703 4189 ipsum
729 4126 855 4190 corpus,
882 4106 972 4190 quod
1001 4107 1247 4197 quibuscunque
1272 4110 1408 4198 flagellis

451 4217 619 4283 atteratur,
635 4206 881 4294 quibuscunque
901 4220 1110 4294 tyrannorum
1133 4212 1322 4277 carnificinis
1342 4225 1407 4279 tor-

451 4320 588 4388 queatur
602 4309 642 4372 ad
660 4332 807 4395 praesens,
824 4310 923 4375 velint
940 4310 1040 4375 nolint
1061 4326 1318 4400 persequutores,
1333 4314 1405 4402 pul-

451 4404 555 4469 chrius
581 4420 613 4471 et
637 4408 762 4489 fortius,
782 4423 878 4495 prout
903 4412 1015 4476 merita
1038 4415 1263 4497 praecesserint,
1286 4413 1405 4500 glorifi-
