3734 5484
531 775 569 832 le
801 788 938 833 Jonnsrs
955 789 1233 835 sanesemnrnsrs
1384 774 1427 852 [n.
1445 792 1477 836 n.

527 951 616 1002 motu
642 940 739 1002 animi
763 940 813 1002 sui
840 940 991 1005 decernat
1010 942 1125 1027 judex,
1148 943 1308 1007 interdum
1332 944 1479 1007 assertio-

526 1040 633 1118 nibus,
664 1039 822 1104 interdum
853 1044 1155 1126 praesumptionibus
1181 1056 1293 1108 utensr
1326 1056 1361 1107 ut
1386 1066 1479 1107 num·

528 1163 622 1225 quam
635 1163 676 1204 ex
692 1142 889 1205 conscientia
898 1142 1006 1225 justus
1021 1155 1053 1207 et
1067 1146 1222 1209 innocens
1238 1146 1478 1222 condamnetur,

527 1255 559 1305 et
589 1244 615 1304 si
650 1243 822 1306 multitudo
856 1254 939 1307 stare
974 1246 1117 1309 videatur
1153 1248 1186 1308 in
1216 1261 1305 1330 parte
1336 1246 1478 1310 adversa.

527 1346 612 1407 Nam
627 1346 780 1429 scriptum
803 1354 860 1418 est,
878 1344 1043 1409 Insontcm
1065 1354 1097 1410 et
1108 1351 1240 1427 justum
1260 1369 1326 1409 non
1349 1348 1478 1420 occides,

526 1450 605 1527 quia
626 1449 776 1510 adversor
790 1449 937 1530 impium.
984 1449 1030 1510 Et
1045 1449 1135 1511 alibi:
1159 1451 1234 1511 Non
1253 1452 1393 1529 sequeris
1408 1455 1479 1510 tur·

526 1550 597 1611 bum
611 1550 854 1633 adfaciendum
869 1551 1002 1622 maliem,
1013 1570 1071 1612 nec
1085 1550 1255 1628 injudicio
1266 1550 1480 1632 plurimorum

529 1652 711 1731 adquiescas
739 1651 919 1727 sententie,
944 1658 982 1715 nt
1010 1674 1031 1714 o
1058 1653 1110 1714 cia
1141 1653 1291 1717 declines.
1347 1652 1380 1715 Si
1408 1672 1480 1714 vero

527 1762 640 1814 contra
654 1754 894 1827 conscientiam,
910 1755 1086 1836 praesertim
1102 1754 1137 1815 in
1149 1754 1373 1839 praejudicium
1388 1754 1480 1815 inno·

527 1854 641 1927 centis,
665 1855 853 1916 sententiam
883 1854 1001 1929 tulerit,
1026 1854 1209 1934 gravissime
1235 1864 1368 1935 peccat:
1393 1855 1481 1936 quia,

528 1954 611 2016 sicut
626 1953 705 2017 dicit
716 1955 901 2038 Apostolus,
910 1974 1002 2015 omne
1016 1955 1100 2034 quod
1113 1975 1180 2016 non
1189 1961 1234 2018 est
1244 1956 1362 2036 enfide
1370 1975 1481 2035 peccu-

526 2062 597 2118 tnm
612 2065 669 2117 cst.
713 2054 864 2117 Salomon
881 2055 914 2116 in
937 2076 1033 2117 causa
1051 2055 1249 2118 meretricum
1274 2056 1480 2139 conjecturali

527 2168 715 2237 argumento
739 2168 832 2218 utens
855 2153 1078 2219 condemnavit
1100 2156 1382 2221 calumniatricem.
1434 2158 1480 2218 Et

527 2259 646 2321 Daniel
660 2258 693 2319 in
716 2257 903 2322 liberatione
926 2258 1081 2322 Susannae
1104 2258 1406 2342 praesumptionibus
1428 2280 1475 2320 re-

527 2358 644 2421 velavit
671 2357 825 2424 malitiam
855 2358 1068 2420 sacerdotum.
1114 2358 1209 2430 Quod
1240 2359 1267 2420 si
1290 2357 1420 2442 jndices
1443 2357 1478 2418 in

528 2478 627 2520 causa
641 2456 760 2519 domini
777 2456 1015 2519 Cantuariensis
1031 2458 1170 2538 vigorem
1190 2458 1333 2521 debitum
1348 2456 1479 2519 habuis-

526 2567 609 2637 sent,
624 2560 650 2621 si
664 2560 737 2639 lege
758 2560 976 2642 praescriptam
991 2561 1209 2623 exercuissent
1224 2558 1433 2638 diligentiam,
1450 2557 1478 2619 si

528 2660 700 2742 scripturas
721 2661 957 2724 consuluissent
972 2661 1006 2721 in
1019 2659 1154 2743 jndicio,
1169 2661 1196 2723 si
1211 2660 1360 2743 potestati
1382 2680 1480 2742 supra

526 2761 658 2825 modum
674 2773 707 2826 et
721 2764 768 2825 fas
789 2784 855 2825 non
871 2760 1072 2840 detulissent,
1086 2775 1197 2845 posset
1215 2762 1344 2824 fortasse
1360 2761 1477 2845 proba-

526 2865 634 2927 biliter
662 2866 749 2947 argui
773 2866 829 2949 qui
849 2865 976 2927 illorum
1000 2863 1160 2947 judicium
1184 2863 1366 2927 declinavit.
1411 2861 1477 2924 Sed
1525 2873 1531 2884 ·

527 2966 583 3026 ubi
599 2966 684 3027 furor
703 2969 809 3028 omnia
827 2967 1013 3041 vindicavit,
1037 2968 1109 3050 quis
1124 2969 1214 3030 locus
1229 2966 1332 3049 potuit
1347 2985 1416 3027 esse
1432 2984 1479 3025 ra-

528 3066 605 3129 tioni
636 3068 685 3127 vel
710 3065 796 3148 juri?
820 3077 894 3127 ante
917 3067 1085 3146 praesidem
1117 3068 1231 3130 ductus
1254 3078 1303 3129 est
1333 3066 1479 3130 Christus

529 3166 672 3243 Domini,
683 3166 911 3228 Convenerunt
922 3166 1087 3244 principes
1103 3166 1170 3226 Ser.
1182 3172 1213 3227 et
1227 3167 1309 3229 Plto.
1325 3166 1480 3226 aduersus

528 3286 608 3329 eum.
624 3265 820 3348 Etprosecto
830 3264 1020 3345 praesesiste
1030 3264 1163 3339 illo,snb
1174 3283 1238 3346 quo
1248 3262 1479 3325 condemnatus

528 3378 576 3430 est
586 3367 743 3439 Christus,
753 3364 961 3426 truculentior
973 3373 1049 3427 erat.
1088 3364 1172 3425 Nam
1184 3362 1306 3426 Pilatus
1317 3361 1351 3423 id
1363 3362 1480 3441 agebat

528 3468 701 3552 exquisitis
716 3466 953 3539 occasionibus,
969 3472 1005 3526 ut
1021 3464 1168 3527 Christus
1183 3462 1333 3526 eraderet
1347 3482 1481 3526 accusa·

529 3583 598 3635 tus:
623 3571 676 3633 hic
686 3581 790 3632 autem
803 3588 931 3650 operam
949 3565 1047 3629 dabat
1061 3578 1093 3629 et
1108 3565 1321 3645 diligentiam,
1337 3576 1371 3627 ut
1385 3564 1479 3625 inno-

528 3694 604 3736 cens
614 3682 814 3735 accusaretur
829 3681 861 3733 et
870 3670 1072 3732 damnaretur
1086 3668 1242 3731 Christus.
1275 3665 1349 3743 Ille,
1363 3687 1405 3727 nc
1418 3666 1478 3727 snb

528 3795 567 3836 eo
574 3772 686 3855 jndice
702 3772 874 3853 puniretur,
886 3771 1050 3834 Christum
1063 3768 1236 3832 transmisit
1247 3766 1288 3830 ad
1301 3765 1479 3842 Herodem,

527 3875 584 3938 ubi
600 3875 649 3934 vel
672 3881 873 3954 contemptus
894 3872 994 3934 evasit
1016 3871 1173 3947 Christus,
1196 3871 1409 3952 remissusque
1429 3878 1478 3931 est

526 3974 658 4038 indutus
673 3980 758 4034 reste
773 3972 864 4033 alba:
910 3970 964 4033 hic
981 3970 1086 4034 modis
1106 3972 1256 4034 omnibus
1271 3973 1423 4053 agebatur
1436 3990 1478 4031 ne

528 4095 730 4161 quocumque
741 4072 837 4136 modo
849 4072 997 4136 Christus
1009 4070 1166 4135 evaderet.
1190 4073 1288 4136 Dicat
1301 4073 1347 4135 vir
1357 4082 1479 4135 amator

526 4177 667 4242 veritatis
689 4177 882 4259 quicumque
912 4174 1010 4237 audet
1031 4196 1138 4238 coram
1163 4175 1247 4253 Deo,
1276 4175 1328 4237 cui
1351 4173 1390 4235 de
1413 4172 1476 4233 hoc

527 4279 707 4343 testimonio
729 4278 762 4339 in
782 4275 929 4339 districto
948 4277 1096 4339 examine
1114 4275 1293 4340 redditurus
1313 4285 1360 4337 est
1380 4273 1477 4335 ratio·

527 4403 612 4459 nem,
624 4380 709 4443 dicat
721 4390 816 4457 certe,
826 4377 852 4440 si
865 4378 973 4455 audet,
983 4378 1070 4462 quod
1083 4378 1342 4460 archiepiscopus
1353 4375 1399 4437 ibi
1409 4396 1476 4437 ma-,
