3734 5484
464 778 483 835 8
721 792 858 837 romnus
873 793 1150 839 saansanruausrs
1319 777 1363 857 [A.
1381 794 1415 838 n.

462 945 605 1026 Epicuri.
652 945 748 1018 Quod
769 946 854 1007 enim
878 946 918 1009 de
941 948 1059 1010 talibus
1080 946 1238 1025 scribitur,
1260 948 1414 1030 quoniam

461 1066 570 1107 eorum
587 1047 678 1108 Deus
694 1057 801 1110 venter
815 1055 874 1122 est,
890 1058 923 1109 et
944 1049 1044 1129 gloria
1065 1047 1098 1109 in
1122 1047 1356 1125 confusionem,
1371 1047 1412 1110 ad

461 1157 577 1208 caetera
599 1168 727 1231 quoque
750 1148 826 1210 vitia
847 1149 1053 1231 probabiliter
1075 1145 1205 1212 dilatata
1225 1150 1415 1232 interprete·-

459 1246 546 1308 tione
574 1248 782 1330 protenditur.
835 1248 933 1313 Unde
963 1260 995 1313 et
1025 1251 1058 1314 in
1088 1251 1268 1332 Evangelio
1297 1249 1415 1313 veritas

460 1347 569 1426 docet,
590 1350 662 1412 Deo
684 1362 717 1413 et
738 1351 934 1413 Mammonae
958 1352 1052 1413 simul
1074 1351 1182 1412 serviri
1203 1371 1270 1413 non
1295 1371 1414 1432 posse>

460 1461 492 1515 et
519 1450 604 1534 quod
631 1452 686 1535 qui
711 1452 833 1515 amicus
864 1453 965 1515 seculi
994 1474 1064 1515 esse
1094 1448 1261 1528 desiderat,
1284 1452 1348 1514 Dei
1375 1472 1410 1513 se

460 1551 626 1615 constitnit
639 1551 815 1616 inimicum.
861 1553 986 1615 Dector
1000 1552 1143 1633 gentium
1162 1560 1365 1635 praeconatur
1379 1560 1412 1612 et

459 1653 587 1733 clamat,
612 1653 689 1735 quia
714 1654 741 1716 si
766 1653 951 1716 bominibus
980 1654 1107 1736 placere
1137 1654 1263 1729 vellem,
1290 1651 1408 1715 Christi

459 1774 568 1817 servus
581 1775 646 1815 non
663 1774 782 1816 essem:
818 1764 850 1816 et
865 1756 921 1838 qui
936 1754 1122 1818 hominibus
1142 1755 1270 1836 placent
1285 1752 1411 1816 confusi

458 1866 543 1929 sunt,
559 1855 708 1938 quoniam
725 1856 817 1919 Deus
833 1856 953 1939 sprevit
966 1856 1048 1918 illos.
1094 1855 1160 1917 Sed
1182 1856 1245 1917 alia
1266 1856 1412 1938 prosectu

458 1956 712 2039 Archisynagogi
734 1966 766 2020 et
788 1958 980 2039 complicum
1003 1956 1073 2040 ejus
1094 1956 1251 2019 sententia
1273 1968 1333 2029 est,
1353 1954 1411 2037 qui

456 2058 658 2121 frandulenta
683 2062 846 2123 verborum
874 2058 1133 2141 interpretatione
1163 2056 1204 2120 ad
1233 2056 1408 2131 arbitrium,

455 2181 521 2222 non
551 2158 592 2223 ad
621 2170 758 2223 mentem
785 2162 923 2224 auctoris
953 2161 1143 2244 detorquent
1170 2159 1285 2240 legem,
1310 2158 1407 2242 eique

454 2263 569 2343 nolunt
584 2283 675 2325 suum
692 2262 933 2326 accommodare
949 2263 1166 2325 intellectum:
1190 2259 1247 2323 sed
1259 2259 1292 2323 id
1308 2270 1407 2341 agunt
1433 2275 1436 2279 ’

457 2363 559 2427 modis
584 2364 743 2442 omnibuS,
768 2377 805 2427 ut
830 2364 916 2448 quod
943 2365 989 2427 eis
1013 2364 1139 2427 libitum
1166 2362 1269 2439 fuerit,
1296 2362 1409 2425 divino.

456 2486 584 2548 quoque
594 2465 660 2549 juri
675 2477 924 2533 consentaneum
937 2466 1088 2529 rideatur.
1125 2467 1216 2529 Dicit
1230 2466 1314 2529 enim
1331 2465 1419 2549 quia

454 2581 520 2622 non
547 2573 596 2624 est
620 2583 678 2643 pro
703 2562 848 2625 libertate
873 2563 1033 2625 Ecclesiae
1059 2561 1295 2625 decertandum.
1341 2559 1406 2625 Sed

454 2664 553 2726 fallax
569 2675 601 2727 et
617 2666 694 2729 falsa
707 2663 897 2748 hypocrisis,
912 2686 976 2748 quo
992 2663 1208 2747 progrederis?
1236 2663 1322 2735 Quid
1337 2663 1404 2725 hae·

453 2786 541 2828 reses
555 2767 677 2830 moliris
691 2778 724 2832 et
738 2768 937 2831 schismata?
956 2788 1062 2829 nonne
1077 2768 1117 2829 ab
1132 2764 1223 2828 initio
1242 2764 1407 2827 nascentis

453 2868 534 2948 legis
563 2870 605 2932 ad
633 2871 812 2935 libertatem
844 2869 910 2932 Dei
942 2882 1074 2932 vocatus
1106 2877 1155 2931 est
1179 2863 1341 2950 populus?
1374 2876 1406 2929 et

454 2968 616 3049 AEgyptus
637 2968 892 3032 intolerabilibus
914 2970 1032 3032 afflicta
1057 2968 1170 3051 plagis,
1193 2988 1264 3050 quae
1289 2968 1407 3031 Eccle-

454 3067 534 3129 siam
550 3068 590 3129 de
602 3068 736 3150 antiqua
747 3077 778 3131 et
793 3071 878 3131 avita
893 3070 1133 3146 consuetudine,
1145 3080 1177 3131 et
1192 3069 1255 3131 sere
1270 3091 1328 3151 per
1342 3074 1407 3132 300

453 3188 555 3229 annos
571 3167 703 3229 obtenta
718 3166 902 3230 vindicabat
916 3167 950 3229 in
966 3166 1169 3230 servitutem?
1200 3169 1319 3230 Nonne
1332 3170 1406 3231 Ma·

453 3267 580 3330 cbabaei
594 3277 747 3350 martyres
768 3288 827 3350 pro
848 3267 992 3330 libertate
1006 3267 1135 3329 fratmm
1151 3285 1278 3327 suorum
1293 3266 1404 3330 lauda·

453 3367 562 3431 biliter
584 3377 617 3430 et
643 3368 790 3449 religiose
813 3368 1032 3430 sanctissimas
1056 3366 1179 3429 animas
1205 3366 1402 3448 posuerunt?

453 3468 561 3531 David
576 3468 723 3552 nunquid
743 3491 809 3533 non
832 3469 941 3532 stravit
956 3469 1162 3551 Allophylum
1177 3467 1339 3550 lapidibus
1362 3468 1403 3535 de

452 3582 590 3635 torrente
612 3572 772 3654 congestis
793 3573 826 3634 in
852 3592 964 3654 peram
988 3572 1188 3653 pastoralem,
1212 3580 1246 3632 ut
1271 3570 1405 3639 Domini

453 3674 652 3737 exercituum
678 3675 806 3753 agmina
831 3676 871 3737 ab
897 3673 1051 3737 indebitae
1077 3673 1234 3736 servitutis
1258 3673 1349 3757 juge,
1372 3684 1408 3737 et,

453 3772 616 3854 religionis
641 3775 812 3856 opprobrio
836 3773 1010 3838 liberaret?
1051 3774 1109 3838 sed
1138 3773 1217 3857 quid
1243 3795 1346 3856 pauca
1372 3788 1405 3840 et

453 3895 552 3958 parra
585 3886 807 3957 proponuntur
835 3875 1007 3958 exempla?
1047 3878 1203 3959 scriptura
1230 3877 1295 3939 fere
1324 3888 1402 3955 tota,

453 3996 526 4059 quae
539 3976 574 4038 in
588 3974 728 4038 historiis
743 3975 866 4056 digesta
881 3985 940 4052 est,
951 3976 1067 4039 talibus
1082 3978 1215 4041 virorum
1231 3978 1402 4046 illustrium

451 4078 565 4141 referta
579 4086 629 4139 est
643 4076 856 4139 monimentis.

496 4180 579 4241 Duae
606 4190 711 4240 autem
739 4198 846 4242 causae
870 4187 945 4240 sont
971 4199 1050 4262 quas
1075 4178 1223 4242 homines
1248 4183 1403 4245 affectuo-

451 4280 574 4346 sissime
597 4291 733 4356 tuentur,
756 4288 788 4341 et
810 4302 888 4363 quas
910 4290 1100 4363 praeponunt
1126 4282 1292 4344 animabus
1315 4284 1399 4360 suis;

451 4383 549 4469 altera
563 4381 732 4457 libertatis3
751 4383 849 4464 altera
860 4382 936 4445 fidei
951 4393 983 4456 et
996 4383 1169 4464 religionis.
1216 4384 1279 4466 Illa
1292 4393 1402 4452 tamen

1274 4657 1297 4702 ἱ·
