3734 5484
498 786 540 846 22
758 795 895 841 roruurs
910 797 1190 842 sauusnuureusrs
1354 780 1400 854 [a.
1418 796 1452 840 n.

496 949 668 1013 ditionem:
699 957 819 1010 certum
838 949 994 1012 habentes
1017 948 1093 1031 quia
1107 950 1222 1012 melius
1244 957 1293 1012 est
1310 947 1454 1011 incidere

496 1052 529 1113 in
554 1070 668 1112 manus
686 1049 865 1124 hominum,
889 1073 985 1133 quam
1007 1050 1228 1135 derelinquere
1250 1052 1356 1132 legem
1379 1050 1455 1125 Dei,

496 1152 547 1213 rel
563 1149 769 1233 turpitudinis
784 1150 944 1214 incurrere
959 1153 1127 1214 maculam.
1160 1153 1233 1214 Nec
1249 1160 1355 1214 tamen
1371 1170 1453 1232 prae-

496 1250 652 1314 sumimus
667 1248 773 1332 jurare
788 1247 1023 1313 observandam
1045 1252 1214 1331 evangelii,
1228 1271 1385 1314 memores
1405 1250 1454 1310 in·

496 1351 656 1415 firmitatis
674 1362 810 1415 uostrae:
838 1364 873 1415 ut
891 1353 1051 1436 liquidum
1075 1353 1116 1415 sit
1135 1374 1230 1437 quam
1254 1350 1454 1415 temerarium

497 1464 546 1518 est
562 1452 670 1536 jurare
690 1453 725 1515 in
747 1453 998 1516 consuetudines
1019 1455 1213 1535 reprobatas.
1259 1452 1333 1514 Hoc
1349 1462 1455 1513 autem

497 1574 594 1637 supra
603 1553 736 1616 modum
745 1552 851 1630 miror,
860 1552 947 1636 quod
958 1552 1198 1617 cantuariensis
1209 1550 1457 1617 archidiaconus

484 1666 554 1718 'ant
568 1676 626 1738 per
641 1675 675 1717 se
691 1663 747 1717 aut
760 1674 818 1736 per
837 1654 936 1716 alium
951 1674 1017 1715 non
1031 1654 1156 1716 laborat
1171 1653 1211 1715 de
1227 1672 1323 1735 pace:
1356 1672 1455 1735 quum

499 1755 529 1818 ei
545 1763 670 1819 constet
686 1755 759 1816 Deo
774 1764 806 1815 et
821 1773 1012 1815 mammonae
1027 1753 1122 1816 simul
1143 1752 1252 1815 serviri
1267 1773 1332 1815 uon
1350 1762 1457 1834 posse.

499 1856 589 1918 Vale.
620 1853 745 1915 Salutat
756 1862 786 1915 te
798 1854 891 1916 frater
901 1874 991 1915 meus
1002 1854 1043 1915 R.
1055 1865 1088 1916 et
1099 1852 1228 1916 domum
1239 1865 1326 1917 tuam
1339 1862 1456 1915 tecum.

498 1955 639 2019 Salutem
657 1953 794 2017 dicimus
810 1954 934 2017 clericis
953 1956 1096 2036 capellae,
1112 1956 1170 2037 qui
1184 1974 1245 2017 neo
1268 1976 1310 2017 ex
1325 1954 1458 2018 nomine

498 2057 772 2121 excommunicati
786 2067 870 2132 sunt,
880 2077 943 2118 nec
958 2056 1090 2119 aliomm
1103 2055 1357 2139 participatione.
1383 2056 1456 2117 Mc·

499 2168 607 2221 mento
621 2154 721 2219 nostri
735 2157 768 2217 in
784 2155 981 2219 orationibus
995 2156 1059 2219 tuis
1074 2155 1221 2218 memoris
1237 2155 1293 2217 tui.

561 2285 578 2317 Q

499 2476 720 2540 EPISTOLA
735 2474 975 2537 CXCVL-un
985 2494 1065 2537 uuo.
1078 2494 1155 2545 mm
1168 2494 1211 2538 nr:
1223 2492 1457 2540 nurrououru.

870 2576 915 2656 [A.
933 2595 965 2639 u.
984 2576 1093 2657 noa]

579 2733 676 2799 Joorr.
691 2735 802 2799 Sorec-
818 2732 911 2815 May.
928 2734 1101 2817 Rodulplro
1115 2735 1154 2797 de
1170 2734 1377 2798 Bellomoute.

543 2898 650 2956 Vnum
665 2895 776 2957 titulus
791 2893 921 2975 pietatis
937 2894 1028 2956 nullo
1041 2895 1155 2957 melius
1170 2894 1317 2958 clarescit
1336 2892 1458 2957 iudicio

503 3018 600 3080 quam
614 3017 712 3079 quum
728 2996 794 3057 illis
808 2996 1056 3059 misericorditer
1071 2997 1230 3074 subvenit,
1245 2998 1300 3080 qui
1315 2998 1457 3060 humano

501 3095 616 3160 solatio
632 3095 776 3157 destituti
791 3106 876 3169 sunt,
891 3106 924 3156 et
939 3116 1020 3177 quos
1034 3097 1177 3177 ingratus
1191 3100 1263 3160 Deo
1278 3098 1376 3178 gratis
1387 3118 1457 3181 per·

502 3197 644 3281 sequitur
663 3195 815 3258 mundus.
860 3196 935 3257 Hoc
946 3195 1054 3278 itaque
1063 3206 1096 3258 te
1108 3208 1290 3260 assecutum
1299 3219 1369 3261 esse
1381 3220 1457 3261 cou-

502 3301 652 3383 gratulor,
667 3296 822 3380 gaudens,
838 3296 925 3379 quod
947 3307 1062 3379 praeter
1080 3297 1267 3380 opinionem
1286 3300 1457 3362 multomm

502 3413 535 3467 et
544 3401 609 3466 lere
620 3400 775 3478 omnium,
784 3421 849 3462 uon
861 3398 935 3461 dico
948 3398 1101 3461 secularis
1112 3398 1307 3463 adminiculo
1316 3399 1457 3483 philoso-

501 3505 599 3589 plriae,
620 3502 677 3566 sed
699 3501 843 3583 igniculo
866 3500 1006 3585 Spiritus
1029 3484 1150 3577 Sancti,
1172 3510 1265 3564 tuum
1288 3501 1327 3565 ad
1350 3523 1458 3565 veram

502 3606 692 3691 sapientiam
708 3604 848 3668 animum
864 3600 1073 3665 accendentis
1094 3602 1212 3684 pariter
1226 3614 1257 3666 et
1271 3604 1460 3667 illustrantis

504 3728 636 3772 exerces
651 3727 748 3789 opera
767 3705 906 3787 pietatis.
944 3706 1000 3783 Et,
1015 3704 1099 3768 sicut
1119 3726 1160 3767 ex
1181 3704 1334 3768 relatione
1348 3704 1459 3767 latoris

504 3806 710 3891 praesentium
724 3801 835 3880 didici,
849 3804 932 3866 inter
948 3803 1088 3866 caritatis
1104 3804 1342 3888 impugnatores
1356 3799 1459 3886 (quod

504 3928 613 3970 rerum
625 3903 952 3981 decetChristianum)
965 3902 1179 3981 fraternitatis,
1185 3925 1258 3987 quae
1269 3904 1302 3965 in
1314 3903 1459 3967 Domino

505 4016 565 4086 cst,
580 4026 676 4070 ausus
690 4026 726 4067 es
748 4003 922 4067 reminisci.
966 4002 1032 4067 Sed
1055 4002 1141 4067 unde
1156 4004 1219 4068 hoc
1243 4004 1313 4079 tibi,
1336 4004 1378 4066 mi
1394 4005 1458 4068 Ra·

505 4110 635 4193 dulphe,
646 4105 823 4191 praesertim
834 4104 1004 4189 quum,qui
1018 4106 1176 4168 columnae
1189 4105 1378 4170 videbantur
1389 4126 1458 4168 esse

506 4210 676 4286 Ecclesiae,
694 4206 871 4289 trepident:
905 4218 938 4269 et
958 4207 1104 4287 gigantes
1124 4206 1181 4290 qui
1200 4208 1309 4271 orbem
1332 4215 1459 4289 portare
1484 4272 1486 4275 ,

507 4314 694 4389 debuerant,
720 4305 844 4372 facilius
873 4307 1084 4371 inundatione
1113 4329 1267 4392 aquamm
1298 4308 1460 4387 submergi

506 4415 725 4499 acquiescant,
738 4434 832 4495 quam
846 4433 971 4492 gemere
983 4410 994 4473 l
1018 4410 1185 4475 Mandavit
1198 4411 1358 4474 Dominus
1368 4409 1461 4472 nubi·
