3734 5484
489 794 549 855 100
745 805 882 850 scaurus
898 799 1176 849 sauasanmnnsrs
1346 781 1389 860 [A.
1409 800 1439 842 n.

498 1044 720 1107 EPISTOLA
744 1044 1047 1108 ccxxxiv-ar>
1063 1055 1294 1103 naunnwmuu
1309 1053 1430 1098 aucur-

556 1164 729 1209 nmconuu
745 1163 889 1208 nonwrc.
905 1162 1001 1214 Quart
1018 1159 1205 1205 aonwmuu
1220 1156 1369 1201 vocivrr.

858 1246 942 1326 [ao.
963 1246 1069 1325 lma]

488 1380 596 1443 Amico
618 1383 781 1443 carissimo
808 1381 963 1444 Godwino
979 1380 1056 1463 filio
1077 1377 1234 1439 Ecdwini
1255 1374 1440 1448 sucerdotis,

530 1485 622 1545 miles
635 1504 713 1546 suus
730 1483 889 1546 Godricaa
899 1483 1034 1544 salutem
1050 1479 1221 1562 ctfidelem
1232 1496 1439 1559 perseveran-

530 1585 610 1645 tiam
626 1584 671 1645 od
684 1603 843 1645 coronam.

532 1709 659 1772 Horma
680 1710 801 1791 cinguli
824 1709 980 1783 militaria,
999 1730 1061 1792 quo
1085 1730 1135 1771 me
1158 1706 1200 1769 ad
1222 1706 1438 1789 apostolomm

485 1807 597 1873 limina
610 1821 830 1892 properantem
846 1822 880 1871 tu
895 1809 970 1871 inde
986 1808 1113 1871 rediens
1129 1807 1288 1871 decorasti
1302 1807 1336 1867 in
1358 1808 1437 1868 urbe

487 1910 654 1983 Senonum,
670 1929 766 1989 quam
789 1908 939 1970 Brennus
962 1908 1028 1970 dux
1045 1909 1208 1970 Senonum
1225 1907 1265 1968 ad
1280 1906 1436 1969 locandos

484 2010 531 2071 ibi
542 2008 789 2072 valetudinarios
801 2029 876 2071 suos
887 2010 1002 2089 legitur
1017 2009 1243 2084 construxisse,
1255 2028 1305 2069 me
1317 2009 1435 2088 saepius

486 2132 581 2191 quam
606 2109 722 2170 collato
747 2121 817 2170 utar
841 2108 960 2187 gladio,
982 2108 1029 2170 tui
1052 2109 1085 2169 in
1111 2108 1241 2170 caritate
1264 2115 1295 2169 et
1318 2106 1434 2186 gaudio

485 2230 659 2272 memorem
676 2229 746 2270 esse
762 2210 936 2291 compellit,
951 2220 982 2271 et

591 2317 702 2368 Utinam
713 2315 762 2367 hoc
774 2321 863 2385 pereat
874 2316 994 2382 rubigine
1006 2314 1097 2378 telum,

484 2414 542 2480 sed
557 2428 600 2493 et,

588 2523 641 2586 Qui
652 2538 698 2574 nos
708 2521 953 2586 commorit-melius
964 2539 1016 2574 non
1027 2526 1135 2588 tangere
1145 2517 1237 2584 clamo,

588 2608 686 2673 Flebit,
699 2616 725 2661 et
737 2610 847 2676 insignis
859 2614 914 2661 toto
926 2609 1072 2661 cantabitur
1083 2608 1154 2672 orbe,

483 2706 539 2767 illo
558 2717 671 2787 agente
696 2705 748 2788 qui
767 2704 836 2788 jam
860 2705 1005 2768 extendit
1028 2725 1155 2767 manum
1179 2725 1267 2767 suam
1289 2704 1324 2766 in
1345 2704 1435 2767 retri-

414 2842 417 2847 ·
483 2807 626 2879 buend0,
658 2818 689 2869 et
718 2807 972 2870 Christianorum
1002 2807 1128 2870 hostem
1160 2805 1363 2869 Fredericum
1392 2806 1434 2869 ad

483 2909 614 2987 gloriam
629 2908 1322 2989 suamsecitmisericorditerEri-Augustum.
1347 2909 1433 2971 Gon-

483 3018 617 3071 tracum
634 3020 665 3069 et
690 3010 881 3073 collatrones
904 3032 980 3073 suos
997 3011 1067 3094 jam
1090 3011 1201 3094 quinto
1225 3032 1309 3075 anno
1331 3008 1433 3074 milito

482 3108 678 3189 peregrinuS,
694 3107 824 3185 ignarus
843 3130 883 3169 an
898 3109 931 3169 in
956 3110 1058 3189 patria
1076 3122 1183 3172 nostra
1204 3111 1284 3172 mihi
1305 3113 1434 3175 relictus

481 3207 522 3269 sit
538 3206 651 3289 aliquis
667 3206 849 3281 amicorum,
865 3228 905 3268 an
925 3230 1036 3270 omnes
1058 3210 1123 3271 sint
1144 3212 1178 3271 in
1201 3211 1266 3272 fata
1289 3213 1431 3294 collapsi.

479 3310 594 3372 Timeo
622 3309 707 3371 enim
733 3330 774 3371 ne
797 3330 954 3391 nusquam
982 3309 1055 3385 sint,
1079 3312 1135 3392 qui
1161 3332 1320 3393 nusquam
1346 3314 1432 3376 inve·

479 3411 622 3485 niuntur,
639 3412 767 3494 quibus,
783 3433 881 3495 quum
896 3412 1076 3494 pulsantur,
1092 3433 1158 3473 non
1176 3424 1225 3474 est
1241 3433 1305 3474 vox
1327 3434 1432 3495 neque

481 3532 602 3577 sensus.
647 3512 683 3575 Si
706 3524 885 3596 superesset
906 3514 955 3575 vel
977 3534 1072 3591 uuuS,
1087 3514 1252 3597 probabile
1276 3525 1322 3577 est
1345 3516 1431 3599 quod

481 3616 594 3678 saltem
610 3616 651 3678 ab
667 3613 931 3678 intermeantibus
948 3626 1115 3697 quaereret,

761 3712 870 3765 Vivitne
884 3714 1011 3765 Godrlcus
1023 3718 1050 3765 et
1063 3730 1126 3766 aura

587 3796 679 3846 Utitur
692 3794 816 3859 aetberea,
829 3813 862 3848 an
874 3796 1021 3849 crudelibus
1033 3798 1141 3849 occubat
1152 3799 1269 3851 umbris?

480 3882 580 3947 Unde
602 3882 810 3946 dilectionem
833 3896 928 3953 tuam,
947 3885 1040 3968 cujus
1055 3884 1135 3949 fides
1151 3889 1236 3950 velut
1257 3888 1290 3950 in
1314 3889 1430 3951 confla-

479 3980 559 4047 torio
582 3983 714 4066 probata
735 4003 830 4064 super
852 4004 962 4045 aurum
986 3986 1104 4063 rutilat,
1120 3999 1152 4048 et
1174 3988 1261 4075 omni
1283 3990 1430 4072 Topazio

477 4084 651 4169 preciosior
677 4094 735 4159 est,
762 4082 882 4146 credidi
913 4085 1065 4148 attentius
1091 4089 1297 4167 exorandam,
1325 4101 1359 4154 ut
1389 4091 1429 4153 de

478 4196 560 4249 statu
576 4205 697 4260 eorum,
712 4182 739 4245 si
756 4182 810 4265 qui
831 4195 936 4246 tamen
960 4196 1043 4261 sunt,
1059 4186 1244 4269 diligentius
1266 4191 1426 4274 inquiras:

479 4298 512 4349 et
527 4287 624 4371 siqui
640 4306 748 4348 eorum
772 4282 877 4347 adhuc
894 4285 1014 4360 vivunt,
1031 4290 1108 4368 aegri
1130 4300 1246 4368 tamen,
1262 4290 1308 4353 eis
1330 4290 1428 4352 medi-

481 4388 585 4450 cinam
601 4408 736 4469 procura
751 4409 846 4469 quam
862 4389 983 4451 morbis
999 4411 1107 4453 eorum
1126 4392 1252 4455 noveris
1267 4391 1428 4475 expedire.
