3734 5484
450 772 469 827 ⁶2
717 778 853 821 JOANNIS
869 776 1145 821 sanusnunrnnsrs
1314 758 1357 837 [a.
1375 776 1404 819 n.

454 932 527 995 tatis
541 942 653 995 vestrae
669 937 701 992 et
716 927 919 993 discretionis
941 948 1121 1006 censuram,
1141 949 1237 1013 quam
1256 927 1408 991 adversus

454 1034 618 1117 improbos
628 1052 730 1094 mores
740 1031 906 1094 exercetis.
938 1029 1002 1093 Sed
1014 1028 1144 1094 attendo
1156 1028 1244 1114 quod
1254 1028 1409 1112 scriptum

458 1144 522 1197 est:
551 1131 666 1215 Capite
687 1131 913 1212 languescente
936 1140 1051 1194 caetera
1072 1132 1215 1193 membra
1236 1128 1412 1192 redduntur

454 1234 616 1317 languida.
667 1233 808 1295 Attendo
838 1235 1057 1315 suffraganeos
1083 1244 1207 1297 vestros
1236 1231 1293 1315 qui
1322 1231 1408 1294 defe-

457 1348 569 1399 cerunt
597 1336 632 1397 in
663 1334 714 1397 die
738 1334 827 1406 belli,
853 1334 953 1397 immo
983 1344 1153 1397 erexerunt
1177 1334 1333 1397 cervicem
1359 1332 1406 1394 in-

456 1436 659 1508 obedientiae,
671 1445 704 1498 et
719 1455 752 1497 se
769 1434 966 1498 adversarios
981 1445 1166 1499 statuerunt.
1211 1434 1299 1507 Quid
1313 1434 1411 1516 igitur

456 1540 542 1601 solus
565 1537 671 1615 faciet,
694 1536 748 1619 qui
771 1557 835 1598 non
858 1536 959 1600 habet
981 1538 1211 1614 sublevantem,
1226 1556 1339 1619 neque,
1354 1556 1408 1597 co·

457 1636 676 1721 operatorem?
716 1636 751 1699 Si
778 1647 884 1699 tamen
909 1637 1069 1699 Dominus
1098 1657 1157 1719 pro
1184 1634 1289 1711 nobis,
1314 1656 1410 1699 nemo

456 1738 603 1821 proficiet
625 1749 736 1799 contra
762 1757 827 1797 ros.
873 1738 950 1817 lpse
975 1736 1060 1799 enim
1082 1736 1267 1818 reprobabit
1289 1735 1408 1816 cogita-

457 1838 561 1900 tiones
576 1849 610 1899 et
623 1835 878 1898 machinationes
888 1833 1025 1917 injustas
1041 1834 1262 1918 episcoporum
1276 1836 1411 1918 Angliae,

457 1949 488 2000 et
503 1936 674 2020 dissipabit
689 1934 823 1998 consilia
837 1934 1005 2018 principis.

500 2036 638 2118 Scripsit
673 2046 778 2097 autem
808 2054 866 2095 rex
896 2033 1022 2115 Angliae
1051 2032 1182 2096 domino
1212 2033 1410 2112 Coloniensi,

456 2137 635 2200 Henricum
672 2136 824 2197 Pisanum
859 2143 890 2196 et
920 2134 1118 2196 Willelmum
1159 2135 1346 2217 Papiensem
1376 2135 1410 2197 in

457 2238 625 2301 Franciam
641 2248 791 2299 venturos
807 2235 848 2299 ad
869 2257 968 2298 novas
984 2236 1169 2298 exactiones
1184 2235 1359 2314 faciendaS,
1375 2246 1410 2298 ut

456 2337 600 2420 undique
623 2337 793 2401 corradant
815 2346 847 2398 et
870 2336 1073 2414 contrahant,
1095 2335 1181 2399 unde
1204 2358 1290 2419 papa
1311 2338 1408 2399 Alex-

458 2434 556 2498 ander
570 2436 605 2497 in
621 2437 698 2497 urbe
716 2446 920 2497 sustentetur.
966 2435 1064 2511 Alter,
1079 2445 1115 2497 ut
1135 2436 1248 2515 nostis,
1263 2436 1344 2499 levis
1360 2447 1409 2499 est
1472 2485 1474 2492 .

456 2548 490 2601 et
511 2537 684 2612 mutabilia,
707 2538 787 2599 alter
813 2535 944 2599 dolosus
966 2546 999 2599 et
1023 2534 1254 2613 fraudulentus,
1276 2546 1408 2619 uterque

455 2637 594 2719 cupidus
616 2646 648 2699 et
670 2658 800 2701 avarus:
829 2646 861 2700 et
883 2637 957 2700 ideo
981 2635 1021 2699 de
1040 2637 1127 2700 facili
1150 2659 1283 2701 munera
1302 2657 1406 2701 coeoa·

454 2744 537 2806 bunt
550 2761 618 2817 eos,
632 2750 664 2803 et
679 2739 720 2803 ad
735 2760 864 2801 omnem
875 2737 1063 2821 injustitiam
1078 2739 1299 2803 incurvabunt.
1345 2740 1409 2802 Au-

455 2841 523 2905 dito
546 2862 654 2904 eorum
681 2840 871 2903 detestando
898 2840 1047 2917 adventu,
1070 2842 1176 2904 statim
1204 2842 1408 2904 vehementer

454 2941 623 3005 formidare
653 2944 738 3022 coepi
768 2943 970 3022 praesentiam
1007 2964 1116 3005 eorum
1146 2935 1268 3041 eausflae
1297 2954 1408 3007 restrae
1433 2936 1434 2940 ¹

454 3042 588 3104 multum
609 3041 806 3102 nocituram:
831 3049 864 3102 et
884 3062 926 3102 ne
951 3054 1054 3103 vestro
1076 3064 1114 3106 ac
1139 3057 1312 3107 vestrorum
1336 3066 1408 3108 san·

456 3142 552 3224 guine
568 3140 701 3220 gratiam
714 3140 798 3218 regis
812 3140 938 3219 Angliae
961 3139 1113 3202 redimere
1128 3163 1192 3204 non
1208 3146 1409 3207 erubescant·
1489 3145 1492 3150 ’

456 3242 532 3305 Hoc
552 3240 660 3322 itaque
677 3239 822 3311 consulo,
838 3251 874 3301 ut
894 3260 953 3321 per
971 3259 1078 3318 regem
1095 3241 1288 3303 Francorum
1305 3254 1337 3304 et
1351 3265 1410 3326 per

456 3341 681 3405 cistertienses
703 3335 789 3403 circa
808 3339 894 3401 hunc
918 3338 1086 3402 articulum
1105 3340 1149 3401 ita
1168 3342 1409 3423 praeveniantur,

455 3450 501 3519 ut,
518 3440 644 3504 etiamsi
659 3440 769 3516 velint,
784 3440 816 3501 in
839 3439 900 3501 hac
923 3449 1012 3522 parte
1027 3461 1094 3501 ncn
1115 3441 1242 3523 possint
1263 3464 1409 3524 perverse

455 3564 560 3624 agere.
605 3541 770 3606 Confidite
792 3552 897 3605 tamen
923 3541 1102 3623 injustitia
1125 3554 1245 3607 vestra:
1270 3556 1302 3607 et
1321 3547 1408 3609 bona
1489 3624 1491 3628 y

436 3679 438 3683 Α
455 3644 537 3707 fides
551 3645 584 3706 in
600 3664 657 3728 spe
679 3651 766 3705 certa
782 3664 838 3706 ros
853 3644 969 3705 foveat.
1014 3643 1104 3726 Papa
1124 3644 1211 3706 enim
1226 3646 1410 3711 Alexander

454 3742 672 3805 indubitanter
690 3742 827 3804 obtinet·
874 3743 975 3805 Filius
994 3743 1080 3805 enim
1102 3743 1212 3822 Siculi,
1228 3745 1261 3807 in
1277 3755 1408 3829 paterno

457 3864 556 3923 regno
572 3841 791 3917 confirmatus,
806 3841 834 3903 ei
850 3841 892 3903 ad
907 3863 1036 3904 omnem
1057 3854 1168 3907 nutum
1185 3845 1319 3908 assistet.
1363 3848 1410 3911 Et

456 3944 598 4006 vindicta
619 3942 684 4005 Dei
704 3942 872 4005 manifeste
896 3940 1029 4006 desaevit
1042 3944 1077 4006 in
1097 3945 1203 4008 medio
1225 3946 1408 4031 principum

457 4044 667 4107 Alemanniae.
713 4043 983 4126 Conspiraverunt
1005 4064 1092 4106 nunc
1114 4046 1205 4108 multi
1226 4048 1408 4132 principum

455 4155 564 4207 contra
578 4142 691 4207 ducem
706 4142 867 4206 Saxoniae.
898 4142 994 4213 Quod
1009 4152 1116 4207 tamen
1132 4144 1305 4228 imperator
1319 4150 1407 4230 paci-

456 4241 552 4305 ficare
567 4240 740 4306 contendit.
785 4241 1095 4305 Coloniensis'etiam
1110 4243 1144 4305 in
1159 4255 1281 4326 partem
1297 4245 1407 4309 adver-

455 4343 606 4406 sariorum
629 4342 725 4419 cedit,
740 4340 896 4407 deficiens
910 4364 929 4405 a
945 4342 1108 4421 societate,
1124 4366 1220 4427 quam
1236 4367 1309 4409 cum
1325 4345 1409 4410 duce
