3734 5484
496 784 556 842 158
764 798 900 842 scaurus
915 798 1197 844 sanusnummssn
1354 781 1399 860 [A.
1418 797 1450 845 ι).

495 945 638 1009 homines
664 956 696 1007 et
713 938 806 1009 ¹forte
829 970 891 1010 non
915 950 979 1011 eris
1006 948 1196 1011 excusabilis
1218 946 1306 1032 apud
1330 947 1451 1011 Deum.

496 1046 612 1131 Neque
641 1066 766 1111 necesse
794 1061 842 1113 est
868 1049 1095 1113 beneficiorum
1125 1073 1200 1134 quae
1227 1049 1285 1113 tibi
1316 1050 1454 1113 contulit

495 1160 587 1233 pater
612 1145 682 1231 ejus
705 1168 791 1210 nunc
817 1148 982 1213 historiam
1010 1163 1135 1214 texere:
1171 1153 1251 1234 quia
1280 1150 1357 1213 dum
1386 1149 1453 1212 sani

496 1247 609 1334 capitis
638 1247 749 1330 fueris,
772 1271 948 1335 numquam
979 1250 1128 1315 excident
1159 1274 1178 1314 a
1204 1254 1357 1315 memoria
1386 1264 1453 1314 tua.

498 1348 706 1432 Chirurgicos
721 1349 851 1435 quidem
867 1350 1013 1414 duriores
1027 1364 1060 1415 et
1074 1351 1265 1415 inhumanos
1280 1354 1454 1416 audieram.

499 1451 561 1515 Sed
581 1451 667 1515 aliud
689 1452 881 1517 medicorum
904 1474 1006 1539 genus
1026 1468 1208 1519 mansuetos
1228 1468 1259 1517 ct
1282 1455 1376 1518 mites
1396 1454 1457 1516 hu-

498 1551 643 1617 manitati
658 1576 786 1638 operam
804 1555 896 1617 dare:
923 1576 984 1617 non
1004 1554 1197 1619 humanitati
1214 1554 1288 1620 dico
1305 1576 1455 1636 generan-

498 1653 615 1717 dorum
624 1654 792 1719 carnaliter
804 1655 982 1718 hominum:
1000 1656 1055 1719 sed
1066 1680 1131 1741 qua
1141 1655 1266 1720 mollius
1278 1667 1456 1719 tractantur

500 1755 589 1840 agri,
604 1755 662 1839 qui
684 1757 924 1841 compatiuntur
945 1756 1090 1837 infirmis,
1110 1780 1176 1844 qua
1198 1772 1385 1821 consuetum
1409 1765 1456 1817 est

499 1855 643 1921 homines
657 1855 877 1940 indigentibus
889 1858 1070 1921 subvenire.
1116 1857 1304 1942 Philosophi
1319 1877 1458 1940 namque

500 1954 661 2021 diffiniunt
678 1956 908 2021 humanitatem
925 1981 991 2021 esse
1008 1958 1159 2023 virtutem
1176 1980 1251 2044 quae
1266 1956 1407 2020 consistit
1423 1956 1455 2017 in

501 2055 711 2122 miserationis
731 2058 859 2135 affectu,
874 2079 972 2141 quam
994 2079 1063 2142 prae
1085 2057 1206 2121 caeteris
1222 2056 1407 2129 virtutibus,
1424 2068 1455 2117 et

501 2179 570 2245 prae
595 2159 719 2223 caeteris
744 2159 932 2223 animalibus
958 2158 1053 2221 homo
1083 2182 1101 2221 a
1131 2159 1329 2242 parentibus,
1353 2156 1458 2240 gratia

503 2258 649 2323 videlicet
665 2271 696 2323 et
713 2272 827 2323 natura
841 2259 950 2323 dotem
965 2260 1096 2344 accepit.
1135 2259 1220 2322 Mihi
1236 2259 1261 2321 si
1277 2259 1357 2342 quid
1373 2258 1457 2321 forte

502 2373 655 2449 peterem,
682 2375 715 2425 et
739 2364 764 2425 si
794 2383 946 2444 magnum
977 2374 1070 2438 esset,
1095 2361 1191 2426 credo
1217 2361 1353 2424 daturus
1378 2382 1458 2422 eras,

458 2522 466 2535 .
503 2461 592 2529 Huic
615 2486 690 2547 ergo
720 2486 828 2549 quaeso
853 2464 951 2527 facias
978 2449 1063 2528 unde
1089 2463 1148 2528 tibi
1178 2474 1210 2526 et
1240 2462 1319 2525 mihi
1343 2461 1458 2524 debeat

485 2620 493 2637 ,
503 2565 678 2651 gratulari:
702 2578 734 2629 et
749 2588 808 2649 ego
823 2565 901 2628 mihi
922 2566 1130 2652 personaliter
1150 2566 1330 2649 impensum
1346 2564 1455 2627 multi·

504 2664 630 2753 pliciter
652 2666 712 2730 tibi
739 2666 779 2730 ad
809 2667 945 2750 gratiam
976 2667 1143 2751 reputabo.
1199 2669 1268 2729 Nec
1299 2680 1330 2727 te
1360 2664 1457 2728 tantis

505 2766 654 2853 precibus
675 2787 850 2845 onerarem,
873 2766 934 2831 nisi
957 2789 997 2829 ex
1020 2778 1093 2829 ante
1115 2765 1190 2829 visis
1212 2764 1403 2850 confiderem
1426 2777 1458 2828 te

442 2914 446 2921 .
506 2889 633 2952 operam
664 2881 753 2931 tuam
783 2879 815 2930 et
845 2866 1020 2951 impensam
1048 2866 1169 2930 utiliter
1200 2864 1362 2930 collocare.
1416 2865 1458 2928 Ei

467 3001 472 3012 ·
506 2967 615 3049 aliqua
629 2969 670 3030 de
692 2968 842 3030 mandato
865 2991 936 3032 meo
957 2968 1098 3054 gerenda
1120 2957 1194 3032 surit
1216 2990 1289 3054 quae
1304 2966 1362 3030 tibi
1378 2989 1462 3029 com-

507 3065 690 3126 municabit.
739 3066 779 3125 In
800 3066 925 3147 quibus'
939 3090 1050 3150 precor
1068 3068 1144 3152 (quo
1158 3067 1237 3130 fiant
1252 3064 1460 3143 commodius)

506 3183 578 3226 eum
601 3162 734 3247 adjuves
756 3166 961 3247 exequendis
1007 3168 1064 3240 Et,
1083 3167 1109 3228 si
1131 3187 1296 3250 personam
1320 3177 1408 3230 tuam
1430 3164 1461 3227 in

507 3261 616 3348 aliquo
640 3262 758 3326 videris
787 3263 1003 3340 necessariam,
1036 3276 1196 3349 quatenns
1226 3276 1333 3329 tutum
1365 3266 1462 3329 luerit

507 3362 617 3427 adesto
632 3362 776 3447 negotiis.
823 3362 945 3426 Valete.

537 3668 758 3730 EPISTOLA
783 3667 1018 3730 CCLVI.-an
1031 3681 1224 3727 wuusuauu
1241 3681 1435 3725 nosssusuu
1527 3721 1531 3728 .

760 3783 956 3827 ruscorum.
992 3767 1078 3845 [un.
1098 3764 1207 3842 llos]

706 3919 794 3981 Idem
813 3920 945 3981 Galtero
961 3920 1096 4000 Rofensi
1111 3922 1263 4001 episcopo.

554 4052 703 4127 Quanta
714 4048 778 4113 fide
793 4061 825 4112 et
840 4048 1009 4113 devotione
1024 4050 1152 4113 domino
1167 4072 1239 4115 meo
1254 4052 1346 4116 fratri
1359 4066 1464 4117 vestro

510 4174 612 4238 usque
631 4149 662 4213 in
678 4149 772 4213 linem
794 4163 825 4214 et
845 4162 916 4235 post
938 4150 1031 4213 linem
1049 4151 1151 4215 carnis
1172 4152 1344 4230 servierim,
1360 4167 1392 4217 et
1408 4176 1463 4215 vos

510 4254 677 4338 sidignum
694 4251 813 4315 ducitis
825 4251 958 4337 potestis
970 4251 1159 4328 meminisse,
1175 4266 1207 4317 et
1219 4252 1339 4317 mundo
1349 4264 1460 4316 uotum

504 4342 575 4423 est:
601 4353 742 4437 mihique
757 4352 796 4415 de
816 4352 1034 4417 bencdictione
1055 4376 1146 4435 quam
1172 4376 1351 4417 recessurus
1371 4352 1461 4435 quasi
