3734 5484
509 784 573 842 atu
780 792 915 838 connais
933 789 1211 835 sannsnnmnnsrs
1369 771 1413 850 [A.
1432 791 1463 835 n.

513 948 698 1030 praescripta
713 944 814 1005 forma
832 942 917 1027 pacis
925 936 1119 1004 ‘sacramenti
1139 938 1289 1021 religione
1304 939 1466 1016 astrinxit,

512 1046 600 1132 quod
616 1044 790 1131 praelinitos
812 1046 962 1106 terminos
982 1064 1044 1105 non
1067 1040 1277 1105 excederent:
1308 1039 1467 1105 mandatis

513 1170 642 1234 quoque
657 1146 818 1231 adjiciens,
833 1158 869 1208 ut
884 1168 902 1207 a
918 1147 1003 1228 regis
1019 1142 1201 1227 sumptibus
1212 1142 1389 1206 abstineant
1406 1142 1466 1207 nisi

512 1272 589 1334 pace
600 1248 740 1312 ecclesiae
751 1248 931 1332 impetrata,
944 1259 975 1309 et
992 1269 1030 1308 ne
1047 1244 1130 1309 ultra
1141 1244 1223 1307 diem
1238 1244 1293 1329 qui
1305 1244 1467 1328 praestitus

513 1362 561 1413 est
576 1350 714 1434 aliquam
730 1349 847 1411 faciant
863 1369 994 1411 moram.
1040 1348 1155 1409 Forma
1169 1358 1276 1410 autem
1292 1348 1378 1430 pacis
1394 1368 1466 1430 quae

512 1449 748 1535 archiepiscopo
762 1471 914 1534 expressa
928 1460 975 1511 est
992 1446 1070 1509 nihil
1087 1446 1288 1510 inhonestum
1311 1448 1465 1525 continet,

511 1552 562 1615 vel
585 1552 672 1637 quod
688 1550 848 1615 ecclesiam
872 1548 1023 1613 dedeceat
1046 1561 1103 1611 aut
1125 1570 1301 1632 personam,
1317 1570 1374 1611 nec
1394 1571 1467 1613 auc

513 1653 672 1716 toritatem
700 1653 768 1737 ejus
794 1651 825 1713 in
853 1651 963 1736 aliquo
990 1650 1115 1729 minuit,
1141 1648 1219 1733 quin
1245 1648 1355 1729 libere,
1380 1650 1467 1713 omui

512 1755 675 1816 occasione
690 1765 721 1816 et
737 1751 949 1837 appellatione
964 1762 1114 1825 cessante,
1130 1750 1162 1812 in
1175 1749 1279 1835 ipsum
1300 1772 1418 1836 regem,
1434 1751 1467 1814 in

512 1875 647 1935 regnum
669 1862 702 1915 et
722 1874 872 1937 personas
894 1852 984 1933 regni
1007 1850 1201 1913 severitatem
1226 1850 1466 1914 ecclesiasticam

511 1957 615 2016 valeat
637 1975 795 2029 exercere,
813 1966 907 2035 prout
931 1950 991 2014 sibi
1015 1962 1046 2013 et
1070 1948 1208 2011 ecclesiae
1230 1949 1292 2012 Dei
1316 1950 1466 2035 expedire

512 2054 706 2137 cognoverit.
753 2052 930 2115 Consilium
947 2064 1050 2114 tamen
1074 2049 1247 2113 amicorum
1267 2062 1326 2127 est,
1342 2073 1467 2115 eorum-

512 2173 573 2236 que
589 2155 779 2239 sapientum,
795 2167 831 2215 ut
848 2153 923 2213 dum
941 2151 1027 2235 pacis
1047 2151 1144 2214 verba
1160 2163 1338 2215 tractantur
1357 2152 1466 2223 mitius

511 2267 597 2336 agat,
609 2268 641 2318 et
655 2254 756 2316 multa
768 2252 965 2316 dissimulet:
991 2266 1112 2337 postea,
1124 2257 1161 2327 si,
1177 2253 1278 2337 (quod
1291 2254 1388 2337 absit)
1401 2272 1466 2340 pax

511 2376 574 2417 non
590 2355 786 2440 processerit,
796 2354 927 2439 gravius
939 2355 1029 2439 quasi
1042 2356 1214 2439 resumptis
1225 2354 1348 2420 viribus
1362 2379 1467 2441 perse-

511 2470 665 2541 quutores
680 2455 818 2519 ecclesiae
834 2468 1060 2540 prostraturus.

553 2562 653 2644 Spera
667 2582 756 2643 ergo,
768 2557 882 2621 dilecte
896 2558 949 2632 mi,
960 2570 991 2621 et
1008 2558 1164 2642 quicquid
1177 2558 1302 2622 interim
1315 2558 1464 2638 audieris,

510 2682 573 2723 non
589 2661 755 2735 movearis,
771 2660 847 2746 quia
861 2661 950 2724 Deus
964 2660 996 2722 in
1013 2671 1082 2724 tuto
1097 2661 1205 2745 posuit
1221 2683 1346 2724 causam
1363 2684 1463 2727 suam.

510 2763 631 2827 Audies
646 2764 729 2827 forte
748 2762 931 2847 superbiam
948 2762 1068 2825 Moab:
1101 2761 1155 2825 sed
1176 2760 1355 2826 memineris
1374 2763 1463 2849 quod

510 2864 659 2948 superbia
673 2865 774 2947 major
789 2875 836 2927 est
851 2887 948 2949 quam
970 2863 1128 2927 fortitudo
1143 2863 1221 2948 ejus.
1261 2868 1345 2928 Nam
1361 2865 1463 2929 territi

510 2966 640 3027 suntin
664 2964 738 3028 Sion
761 2978 955 3047 peccatores,
978 2964 1120 3050 possedit
1147 2966 1243 3029 timor
1269 2965 1463 3050 hypocritas,

508 3062 566 3142 qui
591 3060 650 3121 nisi
672 3073 875 3123 revertantur
895 3086 914 3124 a
935 3064 1096 3147 pravitate
1119 3087 1187 3142 sua,
1210 3065 1409 3150 expellentur
1431 3078 1463 3131 et

508 3165 590 3220 stare
616 3179 679 3219 nou
705 3167 875 3240 poterunt:
903 3161 972 3243 jam
998 3164 1081 3224 enim
1111 3165 1229 3227 securis
1255 3166 1294 3227 ad
1326 3163 1462 3228 radicem

508 3279 617 3320 eorum
643 3256 747 3342 posita
771 3267 829 3329 est,
854 3269 886 3318 et
913 3259 1126 3322 ventilabrum
1152 3261 1249 3326 habet
1273 3265 1405 3349 angelus
1430 3264 1462 3327 in

508 3381 605 3423 manu
621 3381 689 3438 sua,
701 3371 738 3421 ut
752 3380 851 3441 grana
863 3357 1019 3422 discernat
1036 3360 1175 3445 apaleis.
1190 3428 1194 3435 ,
1207 3363 1338 3426 Praelati
1354 3366 1463 3429 nuncii

507 3460 547 3523 ad
565 3483 669 3544 regem
686 3459 820 3545 profecti
836 3472 922 3537 sunt,
939 3460 1090 3547 sed'quid
1106 3462 1194 3547 apud
1212 3462 1316 3545 ipsum
1333 3465 1462 3530 invene-

505 3562 582 3638 rint,
597 3561 738 3625 nondum
763 3561 853 3625 nobis
875 3563 1033 3628 innotuit:
1066 3564 1125 3627 hoc
1148 3576 1253 3627 tamen
1268 3577 1390 3629 certum
1413 3584 1462 3634 est

506 3662 594 3743 quod
610 3685 642 3723 se
658 3685 713 3724 rex
726 3663 824 3726 verbo
838 3677 870 3727 et
886 3668 1005 3750 scripto
1015 3667 1170 3751 obligavit
1185 3666 1225 3729 ad
1237 3669 1459 3752 exequendum

505 3760 668 3822 consilium
692 3775 724 3824 et
747 3765 932 3828 mandatum
965 3768 1083 3831 domini
1111 3791 1214 3854 papae,
1238 3770 1460 3854 scriptumque

505 3859 573 3941 ejus
587 3880 654 3943 prae
671 3859 816 3922 manibus
830 3876 889 3938 est,
901 3886 919 3924 a
932 3887 996 3948 qno
1012 3869 1037 3929 si
1053 3868 1211 3946 resilierit,
1223 3869 1314 3932 facile
1330 3871 1459 3935 convin-

505 3972 606 4035 cetur,
631 3959 685 4022 sed
710 3980 767 4020 nec
790 3958 833 4021 sic
855 3962 1049 4027 credendum
1071 3969 1191 4032 censuit
1215 3968 1354 4045 ecclesia,
1371 3983 1460 4033 ante-

506 4084 602 4147 quam
625 4061 793 4124 verborum
817 4060 911 4123 fidem
933 4086 1064 4148 operum
1081 4068 1263 4132 testimonio
1284 4069 1458 4135 roboraret.

505 4162 711 4228 Salutatusa
738 4174 779 4236 te,
803 4161 979 4247 plurimum
1002 4177 1033 4229 et
1057 4165 1230 4231 affectuose
1253 4183 1284 4233 te
1306 4172 1458 4234 resalutat

504 4264 772 4350 archiepiscopus,
784 4287 816 4328 se
832 4265 872 4328 ad
884 4288 1023 4329 amorem
1040 4281 1072 4333 et
1083 4268 1232 4333 honorem
1251 4289 1344 4335 tuum
1359 4291 1457 4355 expo-

503 4381 578 4423 nens
594 4362 830 4446 promptissima
845 4362 1023 4427 devotione.
