3734 5484
458 797 521 856 280
721 809 856 852 scaurus
872 807 1147 852 sannsanmausrs
1311 786 1356 866 [n.
1377 808 1411 850 u.

458 979 567 1022 camus
579 958 686 1045 itaque
699 958 881 1044 paternitati
894 967 1006 1021 vestrae
1022 955 1171 1042 quatinus
1182 978 1256 1020 eum
1269 955 1415 1019 adhibita

457 1046 639 1125 maturitate
665 1060 843 1146 promoveri
868 1060 1000 1136 faciatis,
1024 1071 1059 1122 ut
1082 1069 1245 1143 promotus
1267 1057 1413 1121 ecclesiae

456 1164 657 1228 necessitates
677 1163 800 1227 facilius
815 1175 847 1226 et
863 1160 986 1226 felicius
1006 1162 1155 1246 expedire
1171 1170 1205 1224 et
1224 1181 1413 1246 promovero

457 1265 553 1349 possit
569 1265 730 1330 utilitates.
776 1264 902 1329 Valete.

499 1602 719 1665 EPISTOLA
742 1600 1138 1665 CCCXVII.—-ntusonu
1154 1619 1197 1661 an
1211 1619 1364 1663 nuruum.

821 1701 864 1779 [u.
882 1721 913 1763 n.
933 1701 1042 1779 lita]

535 1884 724 1947 Alexandro
739 1886 841 1966 Papa
857 1885 1115 1946 catalaunicus
1130 1883 1330 1946 Eueni-cuais

836 1986 1028 2066 Episcopus.

498 2120 665 2180 Mnunnls
691 2127 737 2180 est
763 2116 853 2200 vigor
875 2139 894 2178 a
916 2117 1030 2200 capite,
1046 2128 1076 2179 et
1100 2138 1119 2177 a
1134 2127 1242 2179 sancta
1264 2117 1411 2182 Romana

454 2215 585 2278 ecclesia
609 2228 682 2299 post
711 2217 815 2278 Deum
843 2215 927 2278 salus
953 2229 1000 2278 est
1025 2215 1167 2278 omnium
1197 2217 1410 2283 ecclesiarum.

454 2315 584 2378 Domini
613 2313 789 2377 cardinales
817 2313 913 2398 legati
939 2315 1046 2390 vestri,
1070 2315 1219 2379 desolatis
1241 2318 1328 2402 apud
1351 2342 1410 2384 nos

453 2418 680 2500 compatientes
692 2415 839 2496 ecclesiis,
851 2415 996 2479 districta
1009 2415 1220 2501 praeceptione
1230 2418 1411 2501 jusserunt,

453 2530 490 2581 ut
507 2517 682 2601 postposita
704 2518 790 2579 omni
805 2516 968 2580 occasione
990 2529 1022 2579 et
1044 2515 1214 2579 mora‘sibi
1233 2519 1408 2583 seeundum

453 2622 559 2682 Deum
575 2631 683 2704 patres
698 2619 850 2702 eligerent
864 2634 896 2683 et
912 2632 1064 2704 pastores.
1106 2617 1220 2703 ltaque
1234 2619 1410 2684 Hereford-

453 2724 537 2785 ensis
560 2721 701 2795 ecclesia,
717 2742 793 2807 qnae
813 2721 937 2784 diutius
957 2720 1083 2784 luxerat
1104 2732 1136 2783 et
1152 2720 1317 2804 languerat
1336 2744 1409 2807 pas-

455 2835 523 2886 tore
548 2824 679 2908 proprio
709 2821 849 2898 viduata,
876 2823 946 2907 pari
972 2835 1058 2901 voto,
1084 2820 1225 2883 unanimi
1255 2843 1409 2888 consensu

451 2923 550 2988 libere
566 2936 596 2987 et
613 2923 788 2987 secundum
802 2924 952 2988 instituta
963 2944 1122 2986 sacrorum
1139 2944 1294 2986 canonum
1310 2924 1406 3009 elegit

452 3024 663 3087 venerabilem
694 3025 797 3087 virum
825 3029 865 3089 R.
891 3024 1011 3088 archid.
1043 3024 1237 3090 Oxeneford.
1268 3025 1406 3090 ecclesiae

452 3148 519 3189 suae
542 3126 726 3187 canonicum
743 3138 807 3188 tam
831 3149 955 3189 morum
980 3150 1075 3212 quam
1098 3127 1276 3191 litterarum
1297 3128 1408 3191 hones-

452 3238 518 3291 tate
532 3214 748 3310 conspicuum,
762 3225 922 3289 natalibus
938 3228 1086 3310 nobilem,
1102 3228 1271 3291 habentem
1287 3229 1404 3292 utrius-

452 3352 515 3415 que
529 3327 613 3413 juris
635 3326 793 3412 peritiam,
809 3327 866 3412 qui
884 3322 993 3391 domui
1017 3351 1081 3392 suae
1100 3351 1234 3413 praeesse
1256 3333 1357 3407 novit,
1373 3344 1405 3395 et

451 3429 591 3495 ecclesiae
607 3429 668 3493 Dei
687 3429 930 3495 sollicitudinem
953 3452 1072 3514 gerere,
1087 3433 1262 3514 gratiosum
1282 3442 1312 3493 et
1329 3430 1405 3495 boni

452 3530 624 3597 testimonii
639 3531 726 3616 apud
742 3553 862 3594 omues.
906 3529 1065 3594 Electioni
1088 3532 1158 3615 ejus
1180 3531 1212 3593 in
1235 3532 1405 3616 praesentia

451 3645 560 3696 nostra
574 3647 606 3695 et
625 3633 760 3697 fratrum
776 3645 970 3710 nostrorum,
987 3633 1044 3719 qui
1064 3656 1171 3697 omnes
1191 3633 1323 3698 infacto
1342 3636 1405 3700 isto

451 3734 553 3796 laetati
575 3746 606 3796 et
624 3734 763 3797 roborati
786 3747 870 3810 sunt,
886 3734 994 3818 regius
1016 3746 1063 3798 est
1086 3733 1181 3798 datus
1203 3758 1356 3815 assensus,
1371 3750 1404 3801 et

451 3834 593 3897 omnium
609 3833 665 3917 qui
679 3834 849 3898 audierunt
865 3836 956 3898 favor
971 3834 1110 3899 accessit.
1146 3835 1280 3900 Pietatis
1295 3836 1404 3922 itaque

452 3945 566 3996 vestrae
580 3931 714 4015 genibus
730 3932 889 4015 provoluti
906 3933 1122 4018 supplicamus
1144 3936 1306 4015 attentius,
1322 3960 1403 4021 qua-

451 4038 538 4099 tinus
560 4056 631 4096 eum
648 4031 770 4096 faciatis
792 4032 950 4098 maturius
971 4039 1148 4119 promoveri
1171 4036 1210 4098 ad
1234 4038 1404 4122 expedien-

452 4135 510 4198 das
530 4148 593 4198 tam
615 4156 681 4199 suae
696 4157 792 4221 quam
816 4134 950 4201 aliarum
974 4135 1175 4200 ecclesiarum
1192 4138 1402 4205 necessitates

453 4236 571 4300 Valete.
