<?xml version="1.0" encoding="UTF-8"?>
<!DOCTYPE html PUBLIC "-//W3C//DTD XHTML 1.0 Transitional//EN"
    "http://www.w3.org/TR/xhtml1/DTD/xhtml1-transitional.dtd">
<html xmlns="http://www.w3.org/1999/xhtml" xml:lang="en" lang="en">
 <head>
  <title>
</title>
<meta http-equiv="Content-Type" content="text/html;charset=utf-8" />
  <meta name='ocr-system' content='tesseract 3.04.00' />
  <meta name='ocr-capabilities' content='ocr_page ocr_carea ocr_par ocr_line ocrx_word'/>
</head>
<body>
  <div class='ocr_page' id='page_1' title='image "./operaomnianuncp01johngoog_0310.png"; bbox 0 0 3734 5484; ppageno 0'>
   <div class='ocr_carea' id='block_1_1' title="bbox 456 804 1421 883">
    <p class='ocr_par' dir='ltr' id='par_1_1' title="bbox 456 804 1421 883">
     <span class='ocr_line' id='line_1_1' title="bbox 456 804 1421 883; baseline -0.008 -10"><span class='ocrx_word' id='word_1_1' title='bbox 456 816 520 873; x_wconf 69' lang='lat'>292</span> <span class='ocrx_word' id='word_1_2' title='bbox 721 824 856 868; x_wconf 73' lang='lat' dir='ltr'>Josuxrs</span> <span class='ocrx_word' id='word_1_3' title='bbox 872 823 1150 867; x_wconf 71' lang='lat' dir='ltr'>sunusnunrexsrs</span> <span class='ocrx_word' id='word_1_4' title='bbox 1313 804 1365 883; x_wconf 76' lang='lat' dir='ltr'>[A.</span> <span class='ocrx_word' id='word_1_5' title='bbox 1384 824 1421 866; x_wconf 91' lang='lat' dir='ltr'>n.</span> 
     </span>
    </p>
   </div>
   <div class='ocr_carea' id='block_1_2' title="bbox 448 971 1422 3110">
    <p class='ocr_par' dir='ltr' id='par_1_2' title="bbox 448 971 1422 3110">
     <span class='ocr_line' id='line_1_2' title="bbox 458 971 1422 1061; baseline -0.006 -19"><span class='ocrx_word' id='word_1_6' title='bbox 458 975 622 1054; x_wconf 81' lang='lat' dir='ltr'>exultavit,</span> <span class='ocrx_word' id='word_1_7' title='bbox 648 975 724 1061; x_wconf 92' lang='lat' dir='ltr'>quia</span> <span class='ocrx_word' id='word_1_8' title='bbox 747 996 801 1037; x_wconf 86' lang='lat' dir='ltr'>vos</span> <span class='ocrx_word' id='word_1_9' title='bbox 825 972 916 1035; x_wconf 89' lang='lat' dir='ltr'>nobis</span> <span class='ocrx_word' id='word_1_10' title='bbox 941 973 973 1036; x_wconf 92' lang='lat' dir='ltr'>in</span> <span class='ocrx_word' id='word_1_11' title='bbox 997 985 1154 1057; x_wconf 77' lang='lat' dir='ltr'>pastorem</span> <span class='ocrx_word' id='word_1_12' title='bbox 1179 971 1318 1035; x_wconf 92' lang='lat' dir='ltr'>electum</span> <span class='ocrx_word' id='word_1_13' title='bbox 1348 994 1422 1036; x_wconf 89' lang='lat' dir='ltr'>non</span> 
     </span>
     <span class='ocr_line' id='line_1_3' title="bbox 459 1073 1422 1159; baseline -0.004 -16"><span class='ocrx_word' id='word_1_14' title='bbox 459 1077 610 1143; x_wconf 83' lang='lat' dir='ltr'>revelavit</span> <span class='ocrx_word' id='word_1_15' title='bbox 624 1098 696 1139; x_wconf 88' lang='lat' dir='ltr'>caro</span> <span class='ocrx_word' id='word_1_16' title='bbox 712 1088 744 1139; x_wconf 91' lang='lat' dir='ltr'>et</span> <span class='ocrx_word' id='word_1_17' title='bbox 759 1073 895 1157; x_wconf 88' lang='lat' dir='ltr'>sanguis,</span> <span class='ocrx_word' id='word_1_18' title='bbox 907 1075 963 1137; x_wconf 91' lang='lat' dir='ltr'>sed</span> <span class='ocrx_word' id='word_1_19' title='bbox 980 1080 1075 1139; x_wconf 89' lang='lat' dir='ltr'>Pater</span> <span class='ocrx_word' id='word_1_20' title='bbox 1085 1085 1191 1136; x_wconf 89' lang='lat' dir='ltr'>noster</span> <span class='ocrx_word' id='word_1_21' title='bbox 1204 1073 1260 1159; x_wconf 91' lang='lat' dir='ltr'>qui</span> <span class='ocrx_word' id='word_1_22' title='bbox 1275 1073 1308 1136; x_wconf 93' lang='lat' dir='ltr'>in</span> <span class='ocrx_word' id='word_1_23' title='bbox 1321 1074 1422 1139; x_wconf 87' lang='lat' dir='ltr'>coelis</span> 
     </span>
     <span class='ocr_line' id='line_1_4' title="bbox 457 1175 1419 1257; baseline -0.004 -12"><span class='ocrx_word' id='word_1_24' title='bbox 457 1194 515 1257; x_wconf 88' lang='lat' dir='ltr'>est,</span> <span class='ocrx_word' id='word_1_25' title='bbox 538 1180 666 1244; x_wconf 82' lang='lat' dir='ltr'>visitans</span> <span class='ocrx_word' id='word_1_26' title='bbox 689 1200 746 1241; x_wconf 88' lang='lat' dir='ltr'>nos</span> <span class='ocrx_word' id='word_1_27' title='bbox 768 1176 871 1239; x_wconf 88' lang='lat' dir='ltr'>oriens</span> <span class='ocrx_word' id='word_1_28' title='bbox 893 1200 933 1239; x_wconf 85' lang='lat' dir='ltr'>ex</span> <span class='ocrx_word' id='word_1_29' title='bbox 955 1176 1029 1240; x_wconf 89' lang='lat' dir='ltr'>alto.</span> <span class='ocrx_word' id='word_1_30' title='bbox 1086 1178 1170 1240; x_wconf 88' lang='lat' dir='ltr'>Sane</span> <span class='ocrx_word' id='word_1_31' title='bbox 1192 1189 1258 1240; x_wconf 90' lang='lat' dir='ltr'>tam</span> <span class='ocrx_word' id='word_1_32' title='bbox 1280 1175 1419 1241; x_wconf 87' lang='lat' dir='ltr'>dissona</span> 
     </span>
     <span class='ocr_line' id='line_1_5' title="bbox 457 1279 1418 1360; baseline -0.004 -13"><span class='ocrx_word' id='word_1_33' title='bbox 457 1283 623 1347; x_wconf 90' lang='lat' dir='ltr'>hominum</span> <span class='ocrx_word' id='word_1_34' title='bbox 635 1293 717 1360; x_wconf 89' lang='lat' dir='ltr'>vota,</span> <span class='ocrx_word' id='word_1_35' title='bbox 728 1291 775 1343; x_wconf 90' lang='lat' dir='ltr'>tot</span> <span class='ocrx_word' id='word_1_36' title='bbox 785 1280 884 1343; x_wconf 88' lang='lat' dir='ltr'>varias</span> <span class='ocrx_word' id='word_1_37' title='bbox 900 1280 1056 1344; x_wconf 80' lang='lat' dir='ltr'><strong>mentium</strong></span> <span class='ocrx_word' id='word_1_38' title='bbox 1069 1279 1256 1354; x_wconf 87' lang='lat' dir='ltr'>voluntates,</span> <span class='ocrx_word' id='word_1_39' title='bbox 1266 1280 1418 1343; x_wconf 89' lang='lat' dir='ltr'>adunare</span> 
     </span>
     <span class='ocr_line' id='line_1_6' title="bbox 459 1382 1420 1471; baseline -0.002 -22"><span class='ocrx_word' id='word_1_40' title='bbox 459 1410 521 1450; x_wconf 93' lang='lat' dir='ltr'>nou</span> <span class='ocrx_word' id='word_1_41' title='bbox 542 1385 646 1471; x_wconf 89' lang='lat' dir='ltr'>potuit</span> <span class='ocrx_word' id='word_1_42' title='bbox 665 1384 725 1447; x_wconf 90' lang='lat' dir='ltr'>nisi</span> <span class='ocrx_word' id='word_1_43' title='bbox 745 1382 872 1467; x_wconf 89' lang='lat' dir='ltr'>spiritus</span> <span class='ocrx_word' id='word_1_44' title='bbox 888 1382 1030 1463; x_wconf 90' lang='lat' dir='ltr'>unitatis,</span> <span class='ocrx_word' id='word_1_45' title='bbox 1043 1383 1124 1445; x_wconf 90' lang='lat' dir='ltr'>adeo</span> <span class='ocrx_word' id='word_1_46' title='bbox 1140 1394 1176 1445; x_wconf 89' lang='lat' dir='ltr'>ut</span> <span class='ocrx_word' id='word_1_47' title='bbox 1189 1382 1420 1447; x_wconf 81' lang='lat' dir='ltr'>indubitanter</span> 
     </span>
     <span class='ocr_line' id='line_1_7' title="bbox 457 1484 1420 1572; baseline -0.003 -19"><span class='ocrx_word' id='word_1_48' title='bbox 457 1490 498 1553; x_wconf 90' lang='lat' dir='ltr'>sit</span> <span class='ocrx_word' id='word_1_49' title='bbox 512 1489 642 1552; x_wconf 91' lang='lat' dir='ltr'>evidens</span> <span class='ocrx_word' id='word_1_50' title='bbox 656 1509 730 1550; x_wconf 91' lang='lat' dir='ltr'>eum</span> <span class='ocrx_word' id='word_1_51' title='bbox 746 1508 842 1572; x_wconf 90' lang='lat' dir='ltr'>quem</span> <span class='ocrx_word' id='word_1_52' title='bbox 857 1484 985 1570; x_wconf 88' lang='lat' dir='ltr'>spiritus</span> <span class='ocrx_word' id='word_1_53' title='bbox 1000 1485 1160 1561; x_wconf 85' lang='lat' dir='ltr'>revelavit,</span> <span class='ocrx_word' id='word_1_54' title='bbox 1172 1485 1296 1549; x_wconf 85' lang='lat' dir='ltr'>coelitus</span> <span class='ocrx_word' id='word_1_55' title='bbox 1310 1486 1420 1550; x_wconf 91' lang='lat' dir='ltr'>desti-</span> 
     </span>
     <span class='ocr_line' id='line_1_8' title="bbox 457 1587 1416 1671; baseline -0.003 -16"><span class='ocrx_word' id='word_1_56' title='bbox 457 1602 578 1655; x_wconf 89' lang='lat' dir='ltr'>natum.</span> <span class='ocrx_word' id='word_1_57' title='bbox 625 1589 733 1654; x_wconf 86' lang='lat' dir='ltr'>Curiae</span> <span class='ocrx_word' id='word_1_58' title='bbox 755 1588 874 1651; x_wconf 89' lang='lat' dir='ltr'>coelesti</span> <span class='ocrx_word' id='word_1_59' title='bbox 895 1587 1048 1671; x_wconf 88' lang='lat' dir='ltr'>gaudium</span> <span class='ocrx_word' id='word_1_60' title='bbox 1071 1588 1214 1652; x_wconf 88' lang='lat' dir='ltr'>intulisse</span> <span class='ocrx_word' id='word_1_61' title='bbox 1236 1589 1416 1666; x_wconf 89' lang='lat' dir='ltr'>credimus,</span> 
     </span>
     <span class='ocr_line' id='line_1_9' title="bbox 457 1690 1418 1779; baseline -0.001 -22"><span class='ocrx_word' id='word_1_62' title='bbox 457 1693 544 1779; x_wconf 93' lang='lat' dir='ltr'>quod</span> <span class='ocrx_word' id='word_1_63' title='bbox 565 1693 670 1757; x_wconf 88' lang='lat' dir='ltr'>beatae</span> <span class='ocrx_word' id='word_1_64' title='bbox 685 1690 825 1774; x_wconf 85' lang='lat' dir='ltr'>Virginis</span> <span class='ocrx_word' id='word_1_65' title='bbox 840 1690 984 1768; x_wconf 87' lang='lat' dir='ltr'>ecclesia,</span> <span class='ocrx_word' id='word_1_66' title='bbox 1000 1712 1058 1775; x_wconf 89' lang='lat' dir='ltr'>per</span> <span class='ocrx_word' id='word_1_67' title='bbox 1074 1690 1228 1774; x_wconf 93' lang='lat' dir='ltr'>Spiritum</span> <span class='ocrx_word' id='word_1_68' title='bbox 1252 1691 1418 1756; x_wconf 90' lang='lat' dir='ltr'>Sanctum</span> 
     </span>
     <span class='ocr_line' id='line_1_10' title="bbox 456 1792 1419 1879; baseline -0.001 -21"><span class='ocrx_word' id='word_1_69' title='bbox 456 1794 648 1879; x_wconf 83' lang='lat' dir='ltr'>concipiens,</span> <span class='ocrx_word' id='word_1_70' title='bbox 664 1792 817 1856; x_wconf 90' lang='lat' dir='ltr'>dilectum</span> <span class='ocrx_word' id='word_1_71' title='bbox 834 1793 905 1855; x_wconf 93' lang='lat' dir='ltr'>Deo</span> <span class='ocrx_word' id='word_1_72' title='bbox 919 1806 953 1857; x_wconf 89' lang='lat' dir='ltr'>et</span> <span class='ocrx_word' id='word_1_73' title='bbox 967 1792 1149 1857; x_wconf 88' lang='lat' dir='ltr'>hominibus</span> <span class='ocrx_word' id='word_1_74' title='bbox 1162 1806 1321 1877; x_wconf 85' lang='lat' dir='ltr'>pastorem</span> <span class='ocrx_word' id='word_1_75' title='bbox 1337 1816 1419 1877; x_wconf 87' lang='lat' dir='ltr'>ger·</span> 
     </span>
     <span class='ocr_line' id='line_1_11' title="bbox 457 1894 1418 1980; baseline 0.002 -21"><span class='ocrx_word' id='word_1_76' title='bbox 457 1895 598 1960; x_wconf 85' lang='lat' dir='ltr'>minavit.</span> <span class='ocrx_word' id='word_1_77' title='bbox 644 1894 905 1958; x_wconf 89' lang='lat' dir='ltr'>Acclamantibus</span> <span class='ocrx_word' id='word_1_78' title='bbox 926 1895 1034 1980; x_wconf 86' lang='lat' dir='ltr'>itaque</span> <span class='ocrx_word' id='word_1_79' title='bbox 1056 1895 1198 1958; x_wconf 91' lang='lat' dir='ltr'>omnium</span> <span class='ocrx_word' id='word_1_80' title='bbox 1223 1895 1301 1960; x_wconf 88' lang='lat' dir='ltr'>votis</span> <span class='ocrx_word' id='word_1_81' title='bbox 1324 1896 1418 1961; x_wconf 91' lang='lat' dir='ltr'>desi·</span> 
     </span>
     <span class='ocr_line' id='line_1_12' title="bbox 457 1996 1414 2081; baseline 0.003 -20"><span class='ocrx_word' id='word_1_82' title='bbox 457 1998 604 2061; x_wconf 77' lang='lat' dir='ltr'>demtum</span> <span class='ocrx_word' id='word_1_83' title='bbox 627 1996 686 2060; x_wconf 86' lang='lat' dir='ltr'>sibi</span> <span class='ocrx_word' id='word_1_84' title='bbox 707 1996 855 2081; x_wconf 87' lang='lat' dir='ltr'>postulat,</span> <span class='ocrx_word' id='word_1_85' title='bbox 872 2010 905 2060; x_wconf 88' lang='lat' dir='ltr'>et</span> <span class='ocrx_word' id='word_1_86' title='bbox 926 1998 967 2060; x_wconf 86' lang='lat' dir='ltr'>ad</span> <span class='ocrx_word' id='word_1_87' title='bbox 986 1997 1140 2061; x_wconf 88' lang='lat' dir='ltr'>dilectum</span> <span class='ocrx_word' id='word_1_88' title='bbox 1154 2010 1188 2061; x_wconf 92' lang='lat' dir='ltr'>et</span> <span class='ocrx_word' id='word_1_89' title='bbox 1202 1998 1243 2061; x_wconf 92' lang='lat' dir='ltr'>ad</span> <span class='ocrx_word' id='word_1_90' title='bbox 1264 1998 1414 2081; x_wconf 78' lang='lat' dir='ltr'>electum</span> 
     </span>
     <span class='ocr_line' id='line_1_13' title="bbox 455 2098 1416 2186; baseline 0.003 -23"><span class='ocrx_word' id='word_1_91' title='bbox 455 2098 515 2163; x_wconf 88' lang='lat' dir='ltr'>sibi</span> <span class='ocrx_word' id='word_1_92' title='bbox 538 2100 759 2163; x_wconf 81' lang='lat' dir='ltr'>incunctanter</span> <span class='ocrx_word' id='word_1_93' title='bbox 778 2099 895 2183; x_wconf 86' lang='lat' dir='ltr'>aspirat</span> <span class='ocrx_word' id='word_1_94' title='bbox 921 2100 1126 2164; x_wconf 87' lang='lat' dir='ltr'>Carnotensis</span> <span class='ocrx_word' id='word_1_95' title='bbox 1147 2100 1290 2177; x_wconf 88' lang='lat' dir='ltr'>ecclesia,</span> <span class='ocrx_word' id='word_1_96' title='bbox 1311 2124 1416 2186; x_wconf 88' lang='lat' dir='ltr'>spon-</span> 
     </span>
     <span class='ocr_line' id='line_1_14' title="bbox 454 2199 1412 2290; baseline 0.005 -26"><span class='ocrx_word' id='word_1_97' title='bbox 454 2201 544 2286; x_wconf 84' lang='lat' dir='ltr'>sique</span> <span class='ocrx_word' id='word_1_98' title='bbox 560 2200 716 2264; x_wconf 91' lang='lat' dir='ltr'>desiderio</span> <span class='ocrx_word' id='word_1_99' title='bbox 726 2202 795 2285; x_wconf 91' lang='lat' dir='ltr'>jam</span> <span class='ocrx_word' id='word_1_100' title='bbox 810 2199 1018 2284; x_wconf 85' lang='lat' dir='ltr'>languescens</span> <span class='ocrx_word' id='word_1_101' title='bbox 1030 2202 1202 2267; x_wconf 92' lang='lat' dir='ltr'>Osculetur</span> <span class='ocrx_word' id='word_1_102' title='bbox 1215 2225 1279 2284; x_wconf 89' lang='lat' dir='ltr'>me,</span> <span class='ocrx_word' id='word_1_103' title='bbox 1288 2203 1412 2290; x_wconf 91' lang='lat' dir='ltr'>inquit,</span> 
     </span>
     <span class='ocr_line' id='line_1_15' title="bbox 453 2301 1413 2391; baseline 0.009 -26"><span class='ocrx_word' id='word_1_104' title='bbox 453 2302 561 2366; x_wconf 91' lang='lat' dir='ltr'>osculo</span> <span class='ocrx_word' id='word_1_105' title='bbox 575 2302 638 2365; x_wconf 89' lang='lat' dir='ltr'>oris</span> <span class='ocrx_word' id='word_1_106' title='bbox 659 2301 716 2366; x_wconf 92' lang='lat' dir='ltr'>sui.</span> <span class='ocrx_word' id='word_1_107' title='bbox 763 2302 887 2385; x_wconf 77' lang='lat' dir='ltr'>Urgent</span> <span class='ocrx_word' id='word_1_108' title='bbox 906 2325 996 2366; x_wconf 91' lang='lat' dir='ltr'>amor</span> <span class='ocrx_word' id='word_1_109' title='bbox 1018 2303 1135 2368; x_wconf 89' lang='lat' dir='ltr'>Christi</span> <span class='ocrx_word' id='word_1_110' title='bbox 1151 2328 1225 2368; x_wconf 90' lang='lat' dir='ltr'>eum</span> <span class='ocrx_word' id='word_1_111' title='bbox 1245 2305 1300 2391; x_wconf 93' lang='lat' dir='ltr'>qui</span> <span class='ocrx_word' id='word_1_112' title='bbox 1320 2309 1413 2391; x_wconf 86' lang='lat' dir='ltr'>regis</span> 
     </span>
     <span class='ocr_line' id='line_1_16' title="bbox 452 2404 1413 2489; baseline 0.007 -22"><span class='ocrx_word' id='word_1_113' title='bbox 452 2404 529 2468; x_wconf 85' lang='lat' dir='ltr'>filiae</span> <span class='ocrx_word' id='word_1_114' title='bbox 550 2404 749 2467; x_wconf 86' lang='lat' dir='ltr'>desideratur</span> <span class='ocrx_word' id='word_1_115' title='bbox 770 2404 979 2489; x_wconf 86' lang='lat' dir='ltr'>amplexibus,</span> <span class='ocrx_word' id='word_1_116' title='bbox 1003 2419 1036 2469; x_wconf 88' lang='lat' dir='ltr'>et</span> <span class='ocrx_word' id='word_1_117' title='bbox 1058 2406 1193 2470; x_wconf 87' lang='lat' dir='ltr'>stimulis</span> <span class='ocrx_word' id='word_1_118' title='bbox 1214 2407 1413 2476; x_wconf 89' lang='lat' dir='ltr'>salutaribus</span> 
     </span>
     <span class='ocr_line' id='line_1_17' title="bbox 452 2506 1412 2594; baseline 0.005 -22"><span class='ocrx_word' id='word_1_119' title='bbox 452 2517 685 2592; x_wconf 88' lang='lat' dir='ltr'>compungatur</span> <span class='ocrx_word' id='word_1_120' title='bbox 710 2506 765 2592; x_wconf 93' lang='lat' dir='ltr'>qui</span> <span class='ocrx_word' id='word_1_121' title='bbox 787 2506 828 2570; x_wconf 91' lang='lat' dir='ltr'>ad</span> <span class='ocrx_word' id='word_1_122' title='bbox 851 2507 914 2570; x_wconf 91' lang='lat' dir='ltr'>Dei</span> <span class='ocrx_word' id='word_1_123' title='bbox 940 2507 1022 2570; x_wconf 91' lang='lat' dir='ltr'>filios</span> <span class='ocrx_word' id='word_1_124' title='bbox 1043 2510 1261 2594; x_wconf 88' lang='lat' dir='ltr'>propagandos</span> <span class='ocrx_word' id='word_1_125' title='bbox 1285 2510 1412 2578; x_wconf 88' lang='lat' dir='ltr'>Christi</span> 
     </span>
     <span class='ocr_line' id='line_1_18' title="bbox 451 2610 1412 2695; baseline 0.005 -20"><span class='ocrx_word' id='word_1_126' title='bbox 451 2633 551 2695; x_wconf 90' lang='lat' dir='ltr'>gener</span> <span class='ocrx_word' id='word_1_127' title='bbox 578 2610 715 2694; x_wconf 88' lang='lat' dir='ltr'>eligitur.</span> <span class='ocrx_word' id='word_1_128' title='bbox 767 2610 945 2674; x_wconf 88' lang='lat' dir='ltr'>Erubescat</span> <span class='ocrx_word' id='word_1_129' title='bbox 974 2633 1107 2694; x_wconf 87' lang='lat' dir='ltr'>regnum</span> <span class='ocrx_word' id='word_1_130' title='bbox 1137 2612 1289 2676; x_wconf 88' lang='lat' dir='ltr'>coelornm</span> <span class='ocrx_word' id='word_1_131' title='bbox 1319 2614 1412 2681; x_wconf 90' lang='lat' dir='ltr'>solus</span> 
     </span>
     <span class='ocr_line' id='line_1_19' title="bbox 450 2711 1411 2799; baseline 0.005 -23"><span class='ocrx_word' id='word_1_132' title='bbox 450 2713 586 2797; x_wconf 88' lang='lat' dir='ltr'>ingredi,</span> <span class='ocrx_word' id='word_1_133' title='bbox 607 2712 659 2776; x_wconf 89' lang='lat' dir='ltr'>cui</span> <span class='ocrx_word' id='word_1_134' title='bbox 681 2711 780 2774; x_wconf 91' lang='lat' dir='ltr'>divini</span> <span class='ocrx_word' id='word_1_135' title='bbox 802 2711 954 2794; x_wconf 89' lang='lat' dir='ltr'>germinis</span> <span class='ocrx_word' id='word_1_136' title='bbox 976 2733 1093 2796; x_wconf 91' lang='lat' dir='ltr'>pompa</span> <span class='ocrx_word' id='word_1_137' title='bbox 1113 2712 1248 2796; x_wconf 90' lang='lat' dir='ltr'>gloriosa</span> <span class='ocrx_word' id='word_1_138' title='bbox 1269 2718 1411 2799; x_wconf 88' lang='lat' dir='ltr'>promit-</span> 
     </span>
     <span class='ocr_line' id='line_1_20' title="bbox 448 2814 1411 2904; baseline 0.004 -25"><span class='ocrx_word' id='word_1_139' title='bbox 448 2815 544 2892; x_wconf 86' lang='lat' dir='ltr'>titur3</span> <span class='ocrx_word' id='word_1_140' title='bbox 581 2827 614 2878; x_wconf 92' lang='lat' dir='ltr'>et</span> <span class='ocrx_word' id='word_1_141' title='bbox 643 2814 698 2900; x_wconf 94' lang='lat' dir='ltr'>qui</span> <span class='ocrx_word' id='word_1_142' title='bbox 728 2836 876 2877; x_wconf 89' lang='lat' dir='ltr'>coronam</span> <span class='ocrx_word' id='word_1_143' title='bbox 911 2836 1039 2878; x_wconf 89' lang='lat' dir='ltr'>auream</span> <span class='ocrx_word' id='word_1_144' title='bbox 1070 2815 1210 2880; x_wconf 89' lang='lat' dir='ltr'>creditur</span> <span class='ocrx_word' id='word_1_145' title='bbox 1238 2818 1411 2904; x_wconf 85' lang='lat' dir='ltr'>meruisse,</span> 
     </span>
     <span class='ocr_line' id='line_1_21' title="bbox 448 2915 1409 3001; baseline 0.008 -21"><span class='ocrx_word' id='word_1_146' title='bbox 448 2916 576 3001; x_wconf 86' lang='lat' dir='ltr'>gloriosi</span> <span class='ocrx_word' id='word_1_147' title='bbox 597 2915 705 2980; x_wconf 89' lang='lat' dir='ltr'>labore</span> <span class='ocrx_word' id='word_1_148' title='bbox 728 2916 821 2979; x_wconf 92' lang='lat' dir='ltr'>officii</span> <span class='ocrx_word' id='word_1_149' title='bbox 844 2929 1004 2980; x_wconf 88' lang='lat' dir='ltr'>mereatur</span> <span class='ocrx_word' id='word_1_150' title='bbox 1025 2930 1188 2985; x_wconf 74' lang='lat' dir='ltr'>aeternam.</span> <span class='ocrx_word' id='word_1_151' title='bbox 1237 2919 1409 2989; x_wconf 86' lang='lat' dir='ltr'>Mittimus</span> 
     </span>
     <span class='ocr_line' id='line_1_22' title="bbox 449 3017 1408 3110; baseline 0.007 -29"><span class='ocrx_word' id='word_1_152' title='bbox 449 3040 525 3101; x_wconf 92' lang='lat' dir='ltr'>ergo</span> <span class='ocrx_word' id='word_1_153' title='bbox 546 3018 587 3080; x_wconf 91' lang='lat' dir='ltr'>ad</span> <span class='ocrx_word' id='word_1_154' title='bbox 603 3040 657 3081; x_wconf 88' lang='lat' dir='ltr'>vos</span> <span class='ocrx_word' id='word_1_155' title='bbox 679 3040 719 3080; x_wconf 87' lang='lat' dir='ltr'>ex</span> <span class='ocrx_word' id='word_1_156' title='bbox 741 3017 880 3102; x_wconf 89' lang='lat' dir='ltr'>capitulo</span> <span class='ocrx_word' id='word_1_157' title='bbox 902 3031 1009 3082; x_wconf 91' lang='lat' dir='ltr'>nostro</span> <span class='ocrx_word' id='word_1_158' title='bbox 1030 3042 1179 3104; x_wconf 89' lang='lat' dir='ltr'>personas</span> <span class='ocrx_word' id='word_1_159' title='bbox 1201 3023 1408 3110; x_wconf 84' lang='lat' dir='ltr'>spectabiles,</span> 
     </span>
    </p>
   </div>
   <div class='ocr_carea' id='block_1_3' title="bbox 445 3117 1408 3492">
    <p class='ocr_par' dir='ltr' id='par_1_3' title="bbox 445 3117 1408 3492">
     <span class='ocr_line' id='line_1_23' title="bbox 447 3117 1408 3212; baseline 0.012 -31"><span class='ocrx_word' id='word_1_160' title='bbox 447 3118 606 3181; x_wconf 88' lang='lat' dir='ltr'>decanum</span> <span class='ocrx_word' id='word_1_161' title='bbox 635 3117 794 3195; x_wconf 88' lang='lat' dir='ltr'>videlicet,</span> <span class='ocrx_word' id='word_1_162' title='bbox 826 3131 988 3184; x_wconf 90' lang='lat' dir='ltr'>cantorem</span> <span class='ocrx_word' id='word_1_163' title='bbox 1017 3134 1050 3187; x_wconf 86' lang='lat' dir='ltr'>et</span> <span class='ocrx_word' id='word_1_164' title='bbox 1079 3123 1313 3199; x_wconf 89' lang='lat' dir='ltr'>cancellarium,</span> <span class='ocrx_word' id='word_1_165' title='bbox 1344 3130 1408 3212; x_wconf 92' lang='lat' dir='ltr'>qui</span> 
     </span>
     <span class='ocr_line' id='line_1_24' title="bbox 447 3215 1407 3311; baseline 0.009 -30"><span class='ocrx_word' id='word_1_166' title='bbox 447 3215 660 3282; x_wconf 86' lang='lat' dir='ltr'>universitatis</span> <span class='ocrx_word' id='word_1_167' title='bbox 686 3228 802 3280; x_wconf 85' lang='lat' dir='ltr'>nostrae</span> <span class='ocrx_word' id='word_1_168' title='bbox 827 3233 971 3283; x_wconf 89' lang='lat' dir='ltr'>mentem</span> <span class='ocrx_word' id='word_1_169' title='bbox 994 3222 1082 3286; x_wconf 89' lang='lat' dir='ltr'>vobis</span> <span class='ocrx_word' id='word_1_170' title='bbox 1104 3223 1246 3299; x_wconf 89' lang='lat' dir='ltr'>offerant,</span> <span class='ocrx_word' id='word_1_171' title='bbox 1270 3236 1303 3289; x_wconf 85' lang='lat' dir='ltr'>et</span> <span class='ocrx_word' id='word_1_172' title='bbox 1325 3248 1407 3311; x_wconf 87' lang='lat' dir='ltr'>per-</span> 
     </span>
     <span class='ocr_line' id='line_1_25' title="bbox 445 3319 1403 3405; baseline 0.01 -21"><span class='ocrx_word' id='word_1_173' title='bbox 445 3342 555 3384; x_wconf 89' lang='lat' dir='ltr'>sonam</span> <span class='ocrx_word' id='word_1_174' title='bbox 566 3332 702 3385; x_wconf 88' lang='lat' dir='ltr'>vestram</span> <span class='ocrx_word' id='word_1_175' title='bbox 714 3319 919 3405; x_wconf 86' lang='lat' dir='ltr'>postulantes,</span> <span class='ocrx_word' id='word_1_176' title='bbox 932 3324 1027 3387; x_wconf 89' lang='lat' dir='ltr'>vestri</span> <span class='ocrx_word' id='word_1_177' title='bbox 1038 3325 1192 3391; x_wconf 86' lang='lat' dir='ltr'>adventus</span> <span class='ocrx_word' id='word_1_178' title='bbox 1203 3326 1403 3397; x_wconf 86' lang='lat' dir='ltr'>desiderium</span> 
     </span>
     <span class='ocr_line' id='line_1_26' title="bbox 446 3423 932 3492; baseline 0.008 -4"><span class='ocrx_word' id='word_1_179' title='bbox 446 3423 517 3489; x_wconf 86' lang='lat' dir='ltr'>viva</span> <span class='ocrx_word' id='word_1_180' title='bbox 532 3423 622 3489; x_wconf 88' lang='lat' dir='ltr'>nobis</span> <span class='ocrx_word' id='word_1_181' title='bbox 636 3447 713 3489; x_wconf 85' lang='lat' dir='ltr'>voce</span> <span class='ocrx_word' id='word_1_182' title='bbox 728 3424 932 3492; x_wconf 88' lang='lat' dir='ltr'>denuncient.</span> 
     </span>
    </p>
   </div>
   <div class='ocr_carea' id='block_1_4' title="bbox 0 0 1872 5484">
    <p class='ocr_par' dir='ltr' id='par_1_4' title="bbox 0 0 1872 5484">
     <span class='ocr_line' id='line_1_27' title="bbox 0 0 1872 5484; baseline 0 9"><span class='ocrx_word' id='word_1_183' title='bbox 0 0 1872 5484; x_wconf 95' lang='lat' dir='ltr'> </span> 
     </span>
    </p>
   </div>
  </div>
 </body>
</html>
