3734 5484
494 794 554 854 164
749 808 886 852 Jonums
901 807 1182 852 sanusasamusrs
1350 789 1395 867 [t.
1414 804 1445 849 n.

405 976 409 983 ·
496 958 568 1020 cula
577 958 743 1043 recepturi.
769 961 874 1035 Quum
885 959 993 1044 itaque
1002 970 1123 1023 vestras
1133 958 1347 1043 eleemosynas
1358 979 1447 1021 enar-

494 1071 541 1121 ret
567 1072 598 1123 et
622 1060 778 1145 approbet
804 1061 906 1123 omnis
929 1060 1060 1124 ecclesia
1083 1071 1276 1135 sanctorum,
1299 1057 1446 1141 nunquid

493 1160 687 1245 proscriptos
703 1161 834 1239 Christi,
851 1165 907 1245 qui
923 1184 982 1246 pro
1000 1161 1127 1246 justitia
1142 1160 1285 1235 exulant,
1301 1172 1333 1222 et
1349 1158 1445 1221 eccle-

494 1262 549 1324 siae
562 1274 692 1326 tuentur
703 1262 893 1341 libertatem,
905 1286 967 1325 non
983 1261 1126 1347 respiciet
1139 1260 1311 1324 liberalitas
1323 1262 1445 1323 vestra?

495 1366 564 1426 Nec
580 1367 640 1426 mei
657 1365 760 1441 (Deus
775 1364 844 1446 scit)
858 1386 952 1427 causa
967 1362 1050 1438 dico,
1066 1365 1118 1425 cui
1129 1362 1232 1445 gratia
1243 1359 1373 1423 Domini
1389 1358 1447 1421 mi-

495 1464 608 1528 nistrat
624 1468 797 1529 necessaria
812 1466 853 1528 ad
869 1465 1096 1529 abundantiam
1120 1465 1270 1550 quintum
1293 1462 1324 1525 in
1352 1460 1447 1525 exilio

496 1568 665 1653 complenti
689 1591 820 1645 annum,
835 1583 867 1633 et
883 1592 901 1631 a
916 1570 1009 1654 cujus
1024 1568 1186 1654 proposito
1202 1589 1324 1653 semper
1339 1566 1446 1630 extitit

493 1670 643 1748 alienum,
669 1682 700 1733 et
730 1682 777 1732 est
805 1669 950 1733 odiosum
981 1669 1040 1732 sub
1067 1691 1257 1754 quocunque
1286 1679 1445 1752 praetextu

494 1769 682 1833 mendicare.
720 1774 785 1833 Res
799 1769 881 1833 enim
899 1768 995 1832 semel
1006 1780 1113 1854 empta
1128 1768 1325 1832 commodius
1339 1768 1447 1852 acqui-

494 1868 576 1932 ritur
591 1870 622 1931 in
646 1870 716 1933 foro
739 1892 844 1932 rerum
868 1869 1045 1933 venalium:
1076 1870 1154 1953 quia
1179 1883 1214 1933 ut
1237 1868 1446 1954 philosophus

494 1969 583 2033 testis
609 1984 668 2047 est,
691 1971 741 2035 bis
764 1971 880 2034 emitur
903 1993 1004 2055 quum
1028 1983 1170 2053 rogatur,
1193 1970 1247 2032 sed
1270 1981 1375 2033 movet
1396 1992 1446 2033 me

494 2070 640 2134 dominus
652 2072 889 2137 Cantuariensis
900 2071 957 2155 qui
969 2070 1079 2134 multis
1090 2069 1275 2133 coexulibus
1286 2081 1447 2145 oneratus,

493 2172 580 2255 quod
598 2173 785 2255 Anglicanae
800 2172 938 2235 ecclesiae
953 2185 985 2235 et
1003 2184 1176 2235 nostratum
1194 2170 1366 2255 ignominia
1388 2183 1446 2243 est,

495 2272 561 2334 suis
590 2272 695 2336 adhuc
720 2288 751 2337 et
776 2276 881 2355 gentis
906 2274 1017 2335 alienae
1044 2271 1207 2356 stipendiis
1233 2271 1360 2350 militat,
1387 2293 1446 2354 pro

493 2392 586 2435 causa
601 2372 729 2456 publica
744 2373 843 2435 totius
858 2372 944 2435 cleri.
975 2376 1088 2456 Neque
1102 2372 1186 2433 enim
1202 2371 1261 2433 sibi
1276 2371 1446 2434 dumtaxat

493 2471 724 2537 immunitatem
755 2477 884 2559 quaerit,
912 2496 1009 2557 quam
1035 2472 1184 2537 facillime
1214 2484 1338 2557 poterat
1364 2472 1446 2534 obti-

494 2573 618 2635 nuisse:
641 2574 695 2636 sed
708 2575 856 2638 omnibus
868 2574 1015 2637 vendicat
1028 2573 1216 2636 libertatem.
1249 2573 1331 2635 Nam
1345 2594 1444 2656 quum

492 2688 620 2738 auctore
638 2674 718 2753 Deo,
735 2675 822 2761 quod
838 2676 870 2738 in
885 2674 974 2738 brevi
990 2674 1134 2737 futurum
1152 2685 1307 2758 speratur,
1319 2673 1445 2735 obtinu-

492 2775 564 2854 erit,
585 2781 681 2841 etiam
706 2781 763 2863 qui
789 2777 820 2839 in
846 2777 930 2839 clero
954 2776 1102 2838 minimus
1122 2788 1180 2853 est,
1199 2774 1240 2838 de
1258 2773 1445 2836 adversariis

491 2878 630 2941 ecclesiae
656 2879 876 2964 triumphabit.
922 2879 995 2944 Scio
1022 2891 1125 2941 tamen
1152 2878 1225 2963 quis
1250 2877 1278 2939 ei
1304 2876 1443 2960 aliquam

491 2976 566 3039 tulit
587 3001 691 3061 opem,
714 2994 746 3042 et
772 2994 1049 3064 quantascumque
1074 3001 1203 3063 possum
1230 2977 1348 3062 gratias
1374 2999 1445 3060 ago,

478 3088 600 3164 ‘certus
614 3077 701 3158 quod
718 3082 746 3137 ei
761 3081 935 3140 centenarii
951 3101 1068 3139 merces
1080 3077 1229 3162 centupla
1245 3077 1446 3153 refundetur,

491 3186 523 3237 et
538 3174 667 3257 quando
682 3174 890 3259 condiscipuli
908 3178 1012 3251 Petri,
1024 3177 1081 3259 qui
1093 3177 1207 3260 jamin
1225 3188 1319 3261 portu
1336 3176 1445 3237 viden·

491 3287 546 3336 tur
560 3275 721 3357 navigare,
734 3288 844 3359 optata
861 3275 1126 3339 littorisstatione
1140 3275 1340 3359 gaudebunt,
1355 3289 1387 3338 et
1402 3275 1442 3338 ad

490 3373 783 3458 comprandendum
812 3374 941 3437 Christo
975 3374 1095 3437 fuerint
1130 3374 1266 3451 invitati,
1300 3386 1376 3435 ωηο
1407 3386 1444 3437 ut

486 3475 613 3559 justum
629 3489 677 3539 est
698 3476 728 3537 in
745 3475 798 3538 illa
813 3475 959 3561 jucunda
975 3473 1144 3538 refectione
1159 3474 1187 3536 ei
1202 3474 1286 3537 inter
1300 3486 1444 3549 caeteros,

490 3586 522 3637 et
532 3596 599 3658 prae
608 3577 730 3637 caeteris
740 3575 828 3638 sedes
836 3575 972 3660 gloriosa
982 3574 1128 3660 parabitu
1133 3596 1159 3650 r,
1166 3573 1295 3657 eoquod
1306 3572 1445 3637 ecclesiae

489 3673 571 3735 filios
599 3674 724 3757 adjuvit
754 3676 933 3738 laborantes
962 3681 994 3739 in
1025 3673 1219 3758 remigando.
1265 3674 1348 3736 Nam
1380 3696 1444 3757 qua

489 3773 595 3834 fronte
620 3786 697 3835 tunc
721 3777 933 3857 apparebunt,
953 3789 1010 3839 aut
1033 3776 1111 3861 quid
1139 3774 1255 3848 dicent,
1281 3774 1338 3859 qui
1364 3771 1442 3834 nihil

490 3871 602 3933 auxilii
623 3870 779 3936 laboranti
802 3873 929 3957 navigio
952 3875 1166 3940 contulerunt.
1213 3875 1296 3937 Nam
1319 3886 1441 3936 certum

488 3971 634 4055 estquod
646 3970 810 4037 ecclesiam
819 3974 1013 4057 enavigabit,
1021 3987 1052 4038 et
1066 3988 1141 4038 tunc
1153 3974 1354 4057 adjutoribus
1364 3972 1440 4049 suis,

488 4085 584 4155 prout
601 4074 737 4157 quisque
757 4072 941 4147 merebitur,
957 4075 1017 4138 erit
1032 4074 1133 4157 gloria
1152 4087 1184 4138 et
1200 4059 1343 4138 confusio
1359 4076 1440 4137 sicut

487 4171 762 4256 persequentibus,
779 4174 825 4267 ita
839 4171 1057 4237 deserentibus
1071 4194 1151 4235 eam.
