3734 5484
503 790 563 849 las
782 801 917 845 Joauurs
934 800 1214 846 saansaumuusrs
1359 785 1401 863 [n.
1422 804 1453 845 u.

505 955 679 1035 diligentia,
693 964 724 1017 et
739 962 804 1017 tota
819 955 936 1017 mentis
947 953 1165 1016 sollicitudine
1181 975 1306 1036 semper
1317 965 1460 1018 teneatur

503 1056 625 1119 amicus
647 1055 723 1118 dum
743 1055 809 1117 fieri
831 1066 937 1138 potest
959 1056 1112 1118 incolumi
1134 1056 1303 1136 religione:
1337 1056 1363 1117 si
1386 1078 1460 1119 vero

504 1157 671 1236 contingat
686 1157 837 1220 articulus
857 1167 893 1218 ut
909 1165 964 1219 aut
978 1158 1084 1239 ipsum
1105 1156 1268 1219 offendere
1284 1158 1458 1220 necessitas

503 1268 624 1338 urgeat,
645 1269 699 1321 aut
721 1279 866 1341 peccare,
893 1259 982 1320 Deus
1008 1270 1057 1321 est
1078 1256 1304 1340 praeferendus,
1326 1267 1362 1320 ut
1382 1281 1460 1321 con·

504 1359 646 1422 scientiae
663 1369 803 1422 servetur
816 1360 991 1441 integritas.
1022 1360 1092 1421 Nec
1108 1358 1175 1420 fieri
1191 1359 1275 1421 mala
1289 1356 1409 1424 debent
1424 1373 1459 1425 ut

505 1463 695 1543 proveniant
705 1465 806 1525 bona:
830 1483 890 1523 nec
907 1461 1037 1523 offensis
1049 1460 1207 1542 placanda
1222 1469 1271 1521 est
1281 1460 1460 1542 indignatio

505 1563 680 1646 majestatis
700 1574 735 1626 ut
750 1563 893 1626 fidelium
916 1583 1044 1624 suorum
1062 1574 1224 1624 convertat
1247 1572 1302 1624 aut
1317 1572 1461 1625 conterat

505 1662 663 1726 inimicos.
708 1664 742 1727 si
757 1664 810 1726 ille
826 1684 885 1745 pro
900 1662 1003 1739 nobis,
1021 1661 1094 1745 quis
1110 1673 1218 1724 contra
1233 1660 1315 1724 nos?
1349 1665 1461 1746 ltaque

507 1763 533 1825 si
555 1763 811 1826 ratihabitionem
834 1762 1010 1841 exegerint,
1032 1763 1057 1825 si
1080 1763 1229 1845 petierint
1256 1764 1463 1846 subscriptio·

506 1885 591 1939 nem,
606 1865 687 1925 mihi
707 1863 840 1940 videtur,
864 1865 951 1925 salva
973 1863 1148 1926 reverentia
1170 1864 1293 1926 consilii
1318 1867 1461 1949 potioris,

506 1963 594 2047 quod
614 1963 725 2026 dilatio
749 1964 813 2045 peti
836 1972 954 2045 potest,
970 1964 1073 2027 donec
1098 1966 1269 2048 episcopus
1291 1968 1460 2031 ecclesiam

506 2087 594 2127 suam
612 2068 770 2140 consulat,
783 2078 815 2128 et
829 2066 993 2146 religiosos
1004 2067 1088 2128 viros
1105 2066 1265 2148 parochiae
1278 2089 1353 2131 suec.
1385 2071 1461 2131 Non

505 2166 592 2228 enim
615 2165 737 2229 ridetur
759 2165 887 2248 grandis
909 2188 980 2229 esse
1003 2166 1192 2249 prudentiae,
1215 2170 1242 2231 si
1269 2170 1365 2232 homo
1392 2171 1461 2233 sine

506 2271 636 2350 querela
647 2289 680 2331 se
692 2270 858 2349 immergat
871 2268 983 2348 litigiis
996 2269 1127 2331 alienis:
1155 2280 1186 2331 et
1201 2293 1299 2353 quum
1315 2273 1404 2334 testis
1421 2274 1462 2335 sit

506 2392 644 2434 asserere
659 2392 731 2453 quae
754 2370 832 2434 vidit
853 2379 885 2433 et
905 2370 1037 2447 audivit,
1052 2370 1130 2455 quid
1148 2374 1314 2437 testificari
1335 2376 1461 2457 poterit,

505 2475 560 2557 qui
575 2496 635 2537 nec
651 2474 794 2535 interfuit
807 2473 949 2553 negotio,
962 2494 1022 2535 nec
1037 2472 1126 2536 audit
1140 2474 1202 2536 nisi
1218 2477 1316 2557 partis
1333 2476 1461 2539 alterius

505 2576 616 2640 hostes
638 2584 815 2660 quaerentes
833 2596 905 2657 qum
928 2595 986 2636 sua
1009 2583 1094 2649 sunt,
1117 2596 1182 2635 non
1206 2598 1278 2659 quae
1303 2577 1388 2638 Dei?
1416 2579 1462 2639 Et

506 2679 567 2741 hac
594 2677 707 2741 eadem
733 2676 856 2739 ratione
883 2676 929 2738 uti
956 2684 1116 2758 poterunt,
1144 2677 1199 2759 qui
1226 2679 1461 2761 appellantibus

506 2780 688 2844 defuerunt:
705 2778 881 2862 praesertim
891 2799 989 2860 quum
1000 2799 1059 2840 nec
1069 2778 1289 2841 mandaverint
1299 2781 1461 2863 appellari,

505 2903 566 2945 nec
583 2881 705 2945 conscii
720 2880 847 2944 fuerint.
893 2880 1056 2953 Poterant,
1079 2880 1222 2962 inquam,
1238 2881 1264 2942 si
1286 2882 1341 2964 qui
1356 2894 1459 2944 tamen

505 2982 626 3044 suntin
642 2992 730 3042 tanto
751 3001 859 3060 regno,
874 2980 930 3062 qui
951 2980 1126 3055 veritatem,
1143 3003 1239 3064 quam
1261 2992 1366 3045 mente
1384 3003 1461 3045 con-

506 3090 667 3163 ceperunt,
681 3080 820 3142 audeant
830 3077 981 3161 profiteri.
1014 3082 1251 3145 Londouiensis
1264 3084 1355 3146 timet
1364 3081 1462 3167 capiti

506 3204 576 3258 suo,
595 3191 626 3243 et
652 3180 726 3242 ideo
748 3178 863 3241 furoris
886 3179 991 3242 socios
1015 3183 1139 3263 quaerit,
1160 3192 1197 3244 ut
1218 3194 1381 3247 remaneat
1402 3185 1461 3246 im·

504 3284 653 3368 punitum
677 3281 764 3366 quod
788 3303 808 3343 a
834 3290 896 3343 tam
921 3282 1030 3344 multis
1055 3283 1234 3345 constiterit
1257 3285 1353 3348 suisse
1379 3308 1460 3370 prae-

504 3397 675 3469 sumptum.
722 3384 819 3455 Quod
845 3384 873 3445 si
896 3382 1067 3446 instantius
1091 3395 1234 3465 urgeant,
1254 3383 1413 3449 deferatur
1434 3390 1460 3450 si

504 3488 574 3550 fieri
602 3497 709 3569 potest
739 3485 779 3548 ad
809 3484 1016 3549 cardinalium
1053 3485 1329 3547 consultationem.
1384 3488 1459 3549 Hoc

503 3603 608 3653 tamen
625 3588 780 3651 voluntati
794 3588 879 3667 regis
894 3587 1077 3667 negandum
1092 3609 1154 3649 non
1173 3587 1241 3664 erit,
1254 3587 1330 3669 quin
1347 3608 1404 3668 pro
1421 3611 1460 3650 eo

504 3692 668 3767 scribatur,
689 3690 839 3771 quatinus
862 3690 1043 3771 apparuerit
1060 3689 1186 3772 justitia
1208 3689 1294 3771 eius:
1327 3701 1358 3751 et
1380 3711 1457 3752 exo-

502 3802 587 3854 retur
610 3790 758 3852 dominus
780 3811 864 3872 papa
886 3802 921 3852 ut
944 3791 1090 3853 ecclesiae
1116 3791 1265 3852 reformet
1290 3812 1404 3874 paoem
1428 3806 1459 3854 et

503 3892 587 3973 regis
609 3891 759 3953 honorem
784 3900 896 3966 servet,
919 3901 948 3952 et
969 3891 1129 3975 justitiam
1143 3902 1351 3973 promoveat,
1374 3894 1459 3957 sicut

502 3995 647 4059 docuerit
662 3994 798 4075 Spiritus
813 3992 960 4056 Sanctus.
994 3995 1028 4056 Si
1045 4005 1150 4056 autem
1165 3996 1359 4076 specialiora
1374 4018 1459 4079 quae-

503 4100 624 4173 sierint,
641 4096 797 4181 quicquid
820 4109 929 4160 contra
953 4098 1183 4161 conscientiam
1207 4109 1239 4161 et
1260 4100 1458 4163 honestatem

503 4200 752 4285 specificabitur,
762 4220 827 4261 non
842 4199 976 4262 habebit
986 4199 1127 4282 speciem
1139 4202 1188 4262 vel
1205 4200 1362 4277 decorem,
1373 4212 1457 4264 certe

501 4303 675 4365 necessitas
696 4302 815 4365 felices.
861 4302 1146 4386 Persequutionem
1168 4324 1273 4365 causan
1295 4302 1457 4385 suscipere

502 4405 630 4489 quidem
646 4426 709 4466 non
726 4404 873 4487 expedit:
899 4404 956 4467 sed
973 4405 1026 4487 qui
1043 4413 1173 4468 coactus
1187 4406 1293 4480 fuerit,
1305 4404 1458 4485 gaudebit
