3734 5484
458 809 521 868 218
737 822 873 867 maurus
889 819 1166 865 suansnnmnnsrs
1314 802 1356 879 [n.
1374 820 1407 865 n.

446 970 504 1035 ,Et
518 971 638 1035 insede
653 971 803 1035 Sathanoe
815 981 937 1035 certum
951 981 999 1033 est
1014 969 1157 1033 habitare
1172 968 1363 1033 struthiones
1379 979 1414 1032 et

456 1074 636 1159 scorpiones
661 1096 734 1139 cum
760 1073 809 1138 his
838 1073 893 1159 qui
919 1082 1032 1136 tenent
1060 1070 1235 1135 doctrinam
1265 1070 1407 1135 Balaam.

459 1175 582 1241 Valete.

457 1382 678 1446 EPISTOLA
701 1380 1176 1445 coxale-mannariola
1192 1396 1412 1441 nxournrsnu

657 1500 948 1545 Anonrumcouon.
996 1478 1040 1558 [A.
1057 1498 1088 1541 n.
1107 1482 1216 1556 1169.]

516 1650 691 1713 Boldwr'ao
706 1649 889 1711 Emonicnsi
903 1646 1132 1710 archidiacono
1145 1646 1290 1708 Joannes
1305 1646 1363 1709 Sa.

634 1781 767 1832 Excussus
779 1780 896 1850 propriis,
910 1778 995 1831 aliena
1007 1777 1114 1844 negotia
1125 1794 1225 1840 curans,
1316 1802 1318 1806 >

459 1884 551 1967 quasi
571 1905 643 1946 cum
668 1881 953 1947 Cantnariensibus
980 1892 1037 1943 ant
1059 1879 1184 1943 aemnlis
1204 1902 1312 1943 eorum
1336 1878 1415 1944 mihi
1449 1910 1451 1916 v

460 1981 501 2045 sit
522 1980 652 2067 aliquod
676 1981 900 2046 familiaritatis
915 1980 1150 2055 commercium,
1166 2002 1267 2064 nuper
1283 1979 1315 2042 in
1331 1979 1414 2043 festo

459 2083 561 2147 beatae
577 2084 690 2148 Mariae
713 2082 916 2165 Magdalenae
931 2081 1126 2146 Vizeliacum
1144 2081 1307 2167 profectus
1330 2102 1413 2155 sum,

459 2205 625 2247 occurrens
658 2184 705 2247 ibi
740 2185 865 2246 nunciis
899 2182 1019 2245 domini
1052 2204 1156 2266 papae,
1192 2204 1286 2246 causa
1320 2180 1414 2260 (sicut

462 2284 642 2366 videbatur)
679 2284 862 2348 addiscendi
898 2284 978 2370 quid
1020 2285 1265 2349 Cantnarienses
1303 2283 1415 2347 timere

460 2399 605 2469 oporteat
633 2387 682 2450 vel
713 2410 848 2473 sperare.
903 2391 987 2451 Nam
1018 2385 1087 2449 haec
1119 2386 1226 2451 fabula
1254 2386 1320 2449 fere
1350 2385 1416 2448 sola

460 2488 591 2573 linguas
615 2501 646 2553 et
673 2511 765 2552 aures
787 2489 957 2575 utriusque
984 2489 1086 2573 regni,
1114 2488 1200 2574 quod
1227 2487 1268 2550 ad
1294 2487 1414 2550 clerum

461 2604 593 2676 spectat,
606 2604 637 2656 et
653 2603 737 2656 certe
752 2591 784 2654 in
801 2614 915 2675 magna
930 2603 1021 2676 parte
1037 2590 1076 2654 ad
1092 2589 1261 2676 populum,
1273 2589 1415 2653 creditur

460 2717 625 2781 occupare.
671 2693 898 2758 Desiderabam
922 2705 1029 2759 autem
1052 2716 1163 2757 revera
1185 2715 1290 2756 meum
1306 2691 1414 2755 videre

460 2797 689 2881 cognominem,
702 2808 733 2860 et
749 2796 835 2881 quod
849 2797 951 2879 magis
966 2808 1013 2858 est
1029 2795 1270 2880 compatriotam
1286 2807 1317 2857 et
1332 2816 1412 2879 quo-

461 2895 632 2960 dammodo
646 2898 776 2961 fratrem
794 2898 995 2968 Gratianum,
1009 2896 1101 2981 cujus
1119 2908 1167 2970 tu,
1185 2906 1220 2958 ut
1237 2893 1414 2957 meminisse

461 3010 561 3079 potes,
576 3021 596 3059 a
612 3011 729 3061 sauctae
744 2998 971 3062 recordationis
986 3020 1070 3083 papa
1085 2999 1233 3082 Eugenio
1251 2996 1414 3059 Ferentini

462 3093 608 3157 decretus
623 3118 656 3157 es
670 3097 845 3161 institutor.
893 3098 990 3161 Illum
1009 3100 1140 3164 fratrem
1163 3099 1296 3164 dixerim
1320 3098 1415 3161 confi-

461 3193 574 3257 denter
598 3218 670 3258 cum
699 3217 765 3279 quo
791 3196 869 3259 milri
895 3196 971 3260 fidei
1000 3211 1031 3261 et
1059 3202 1218 3263 societatis
1245 3212 1319 3262 sunt
1340 3198 1417 3284 jura

461 3295 652 3373 communia,
682 3310 715 3360 et
744 3295 816 3360 licet
846 3318 903 3358 nos
938 3318 1001 3359 non
1032 3297 1168 3361 ediderit
1205 3321 1268 3360 una
1297 3299 1420 3379 civitas,

460 3400 595 3481 patriam
619 3412 724 3462 tamen
747 3398 837 3463 nobis
863 3420 958 3463 uuam
986 3420 1138 3461 essenon
1164 3398 1318 3482 ambigit:
1357 3399 1416 3485 qui

464 3500 596 3584 patriam
620 3502 766 3578 fortium,
789 3524 863 3587 qnae
886 3500 978 3564 nobis
1000 3499 1167 3563 individua
1189 3511 1247 3574 est,
1263 3509 1295 3561 et
1318 3524 1418 3585 quam

464 3601 643 3665 Carmentis
657 3596 808 3679 ostendit,
822 3601 947 3666 reducit
962 3601 1001 3665 ad
1015 3601 1165 3665 animum.
1200 3600 1254 3663 Ab
1270 3599 1326 3663 illo
1341 3624 1431 3686 ergo.

462 3712 494 3762 et
520 3702 603 3764 socio
623 3704 692 3788 ejus
713 3704 848 3767 Viviano
870 3703 970 3767 amice
991 3716 1023 3767 et
1046 3715 1226 3767 reverenter
1249 3717 1414 3787 exceptae,

464 3799 651 3864 familiarius
680 3803 778 3866 didici
809 3804 897 3890 quod
928 3804 1078 3870 dominus
1106 3827 1190 3890 papa
1226 3817 1258 3867 et
1288 3804 1419 3867 ecclesia

465 3903 610 3966 Romana
623 3905 905 3967 Cantnariensibus
916 3905 1090 3991 plurimum
1104 3908 1230 3972 favent:
1255 3906 1335 3970 adeo
1346 3906 1418 3990 qui·

463 4006 535 4068 dem
552 4019 588 4069 ut
604 4004 663 4068 nisi
679 4028 734 4069 rex
750 4028 833 4069 nuuc
850 4028 922 4067 cnm
940 4006 1068 4069 domino
1085 4008 1307 4073 Cantnariensi
1318 4009 1417 4094 juxta

462 4108 627 4173 consilium
644 4107 763 4171 domini
779 4131 871 4193 papae
886 4108 997 4173 fecerit
1012 4130 1133 4193 pacem,
1148 4110 1176 4172 ei
1192 4107 1415 4174 denunciaturi

464 4212 537 4286 sint,
553 4210 640 4297 quod
657 4234 719 4274 non
735 4210 829 4274 modo
844 4210 876 4274 in
892 4234 1005 4275 manus
1025 4210 1252 4297 archiepiscopi
1274 4210 1415 4290 dabitur,

463 4312 517 4373 sed
534 4315 648 4397 etipse
671 4316 834 4377 Romanus
858 4312 1007 4376 Pontifex
1030 4312 1062 4374 in
1086 4335 1158 4375 enm
1183 4324 1415 4396 aggravaturus

463 4424 512 4473 est
527 4434 655 4475 manum
673 4437 771 4479 suam.
811 4415 904 4490 Quod
920 4427 1027 4478 autem
1047 4412 1164 4477 multos
1181 4414 1288 4477 mirari
1303 4398 1414 4477 asseris
