<?xml version="1.0" encoding="UTF-8"?>
<!DOCTYPE html PUBLIC "-//W3C//DTD XHTML 1.0 Transitional//EN"
    "http://www.w3.org/TR/xhtml1/DTD/xhtml1-transitional.dtd">
<html xmlns="http://www.w3.org/1999/xhtml" xml:lang="en" lang="en">
 <head>
  <title>
</title>
<meta http-equiv="Content-Type" content="text/html;charset=utf-8" />
  <meta name='ocr-system' content='tesseract 3.04.00' />
  <meta name='ocr-capabilities' content='ocr_page ocr_carea ocr_par ocr_line ocrx_word'/>
</head>
<body>
  <div class='ocr_page' id='page_1' title='image "./operaomnianuncp01johngoog_0266.png"; bbox 0 0 3734 5484; ppageno 0'>
   <div class='ocr_carea' id='block_1_1' title="bbox 450 791 1411 871">
    <p class='ocr_par' dir='ltr' id='par_1_1' title="bbox 450 791 1411 871">
     <span class='ocr_line' id='line_1_1' title="bbox 450 791 1411 871; baseline -0.01 -8"><span class='ocrx_word' id='word_1_1' title='bbox 450 802 514 863; x_wconf 77' lang='lat'>248</span> <span class='ocrx_word' id='word_1_2' title='bbox 692 812 831 859; x_wconf 75' lang='lat' dir='ltr'>somme</span> <span class='ocrx_word' id='word_1_3' title='bbox 854 810 1130 857; x_wconf 80' lang='lat' dir='ltr'>ssausnnmuusrs</span> <span class='ocrx_word' id='word_1_4' title='bbox 1314 791 1360 871; x_wconf 78' lang='lat' dir='ltr'>[s.</span> <span class='ocrx_word' id='word_1_5' title='bbox 1375 812 1411 855; x_wconf 87' lang='lat' dir='ltr'>n.</span> 
     </span>
    </p>
   </div>
   <div class='ocr_carea' id='block_1_2' title="bbox 454 960 1419 1556">
    <p class='ocr_par' dir='ltr' id='par_1_2' title="bbox 454 960 1419 1556">
     <span class='ocr_line' id='line_1_2' title="bbox 454 960 1419 1050; baseline -0.002 -22"><span class='ocrx_word' id='word_1_6' title='bbox 454 988 494 1029; x_wconf 89' lang='lat' dir='ltr'>an</span> <span class='ocrx_word' id='word_1_7' title='bbox 522 964 562 1028; x_wconf 89' lang='lat' dir='ltr'>ad</span> <span class='ocrx_word' id='word_1_8' title='bbox 589 962 808 1050; x_wconf 88' lang='lat' dir='ltr'>episcopatum</span> <span class='ocrx_word' id='word_1_9' title='bbox 836 985 930 1027; x_wconf 90' lang='lat' dir='ltr'>suum</span> <span class='ocrx_word' id='word_1_10' title='bbox 958 964 1066 1047; x_wconf 92' lang='lat' dir='ltr'>potius</span> <span class='ocrx_word' id='word_1_11' title='bbox 1092 961 1195 1026; x_wconf 88' lang='lat' dir='ltr'>redire</span> <span class='ocrx_word' id='word_1_12' title='bbox 1220 960 1362 1042; x_wconf 84' lang='lat' dir='ltr'>deberet,</span> <span class='ocrx_word' id='word_1_13' title='bbox 1385 974 1419 1027; x_wconf 90' lang='lat' dir='ltr'>et</span> 
     </span>
     <span class='ocr_line' id='line_1_3' title="bbox 454 1060 1415 1150; baseline -0.002 -21"><span class='ocrx_word' id='word_1_14' title='bbox 454 1068 537 1150; x_wconf 88' lang='lat' dir='ltr'>regis</span> <span class='ocrx_word' id='word_1_15' title='bbox 552 1065 684 1150; x_wconf 88' lang='lat' dir='ltr'>obsequi</span> <span class='ocrx_word' id='word_1_16' title='bbox 700 1064 868 1140; x_wconf 89' lang='lat' dir='ltr'>voluntati,</span> <span class='ocrx_word' id='word_1_17' title='bbox 885 1086 925 1127; x_wconf 91' lang='lat' dir='ltr'>au</span> <span class='ocrx_word' id='word_1_18' title='bbox 947 1063 1091 1127; x_wconf 82' lang='lat' dir='ltr'>assistere</span> <span class='ocrx_word' id='word_1_19' title='bbox 1112 1063 1242 1128; x_wconf 88' lang='lat' dir='ltr'>domino</span> <span class='ocrx_word' id='word_1_20' title='bbox 1258 1060 1415 1127; x_wconf 84' lang='lat' dir='ltr'>Cantuar.</span> 
     </span>
     <span class='ocr_line' id='line_1_4' title="bbox 454 1163 1416 1252; baseline -0.004 -22"><span class='ocrx_word' id='word_1_21' title='bbox 454 1189 512 1252; x_wconf 90' lang='lat' dir='ltr'>pro</span> <span class='ocrx_word' id='word_1_22' title='bbox 527 1165 674 1230; x_wconf 90' lang='lat' dir='ltr'>libertate</span> <span class='ocrx_word' id='word_1_23' title='bbox 686 1164 827 1230; x_wconf 72' lang='lat' dir='ltr'>ecclesia</span> <span class='ocrx_word' id='word_1_24' title='bbox 838 1178 870 1229; x_wconf 90' lang='lat' dir='ltr'>et</span> <span class='ocrx_word' id='word_1_25' title='bbox 882 1164 1065 1229; x_wconf 88' lang='lat' dir='ltr'>defensione</span> <span class='ocrx_word' id='word_1_26' title='bbox 1077 1163 1195 1228; x_wconf 84' lang='lat' dir='ltr'>divinae</span> <span class='ocrx_word' id='word_1_27' title='bbox 1208 1165 1298 1249; x_wconf 87' lang='lat' dir='ltr'>legis,</span> <span class='ocrx_word' id='word_1_28' title='bbox 1306 1167 1416 1227; x_wconf 88' lang='lat' dir='ltr'>omnia</span> 
     </span>
     <span class='ocr_line' id='line_1_5' title="bbox 455 1264 1415 1354; baseline -0.005 -22"><span class='ocrx_word' id='word_1_29' title='bbox 455 1290 553 1353; x_wconf 89' lang='lat' dir='ltr'>supra</span> <span class='ocrx_word' id='word_1_30' title='bbox 567 1289 665 1354; x_wconf 91' lang='lat' dir='ltr'>quam</span> <span class='ocrx_word' id='word_1_31' title='bbox 680 1266 743 1330; x_wconf 90' lang='lat' dir='ltr'>dici</span> <span class='ocrx_word' id='word_1_32' title='bbox 766 1266 864 1352; x_wconf 82' lang='lat' dir='ltr'><strong>possit</strong></span> <span class='ocrx_word' id='word_1_33' title='bbox 880 1265 1020 1351; x_wconf 87' lang='lat' dir='ltr'>pericula</span> <span class='ocrx_word' id='word_1_34' title='bbox 1043 1265 1075 1328; x_wconf 91' lang='lat' dir='ltr'>in</span> <span class='ocrx_word' id='word_1_35' title='bbox 1099 1289 1132 1329; x_wconf 90' lang='lat' dir='ltr'>se</span> <span class='ocrx_word' id='word_1_36' title='bbox 1152 1278 1185 1329; x_wconf 90' lang='lat' dir='ltr'>et</span> <span class='ocrx_word' id='word_1_37' title='bbox 1200 1266 1264 1330; x_wconf 88' lang='lat' dir='ltr'>suis</span> <span class='ocrx_word' id='word_1_38' title='bbox 1285 1264 1415 1330; x_wconf 78' lang='lat' dir='ltr'>fortiter</span> 
     </span>
     <span class='ocr_line' id='line_1_6' title="bbox 454 1366 1414 1452; baseline -0.005 -18"><span class='ocrx_word' id='word_1_39' title='bbox 454 1368 632 1434; x_wconf 76' lang='lat' dir='ltr'>sustinenti.</span> <span class='ocrx_word' id='word_1_40' title='bbox 677 1367 873 1452; x_wconf 82' lang='lat' dir='ltr'>Exemplum</span> <span class='ocrx_word' id='word_1_41' title='bbox 889 1366 1066 1431; x_wconf 90' lang='lat' dir='ltr'>litterarum</span> <span class='ocrx_word' id='word_1_42' title='bbox 1082 1367 1216 1431; x_wconf 84' lang='lat' dir='ltr'>inferius</span> <span class='ocrx_word' id='word_1_43' title='bbox 1232 1367 1414 1452; x_wconf 82' lang='lat' dir='ltr'>subjectum</span> 
     </span>
     <span class='ocr_line' id='line_1_7' title="bbox 455 1468 1416 1556; baseline -0.002 -21"><span class='ocrx_word' id='word_1_44' title='bbox 455 1486 514 1537; x_wconf 87' lang='lat' dir='ltr'>est.</span> <span class='ocrx_word' id='word_1_45' title='bbox 551 1475 794 1556; x_wconf 82' lang='lat' dir='ltr'>Exequutorem</span> <span class='ocrx_word' id='word_1_46' title='bbox 812 1470 988 1533; x_wconf 87' lang='lat' dir='ltr'>voluntatis</span> <span class='ocrx_word' id='word_1_47' title='bbox 1004 1492 1069 1534; x_wconf 87' lang='lat' dir='ltr'>suae</span> <span class='ocrx_word' id='word_1_48' title='bbox 1087 1483 1117 1534; x_wconf 91' lang='lat' dir='ltr'>te</span> <span class='ocrx_word' id='word_1_49' title='bbox 1131 1469 1228 1533; x_wconf 83' lang='lat' dir='ltr'>faciat</span> <span class='ocrx_word' id='word_1_50' title='bbox 1244 1468 1416 1548; x_wconf 82' lang='lat' dir='ltr'>Dominus,</span> 
     </span>
    </p>
   </div>
   <div class='ocr_carea' id='block_1_3' title="bbox 456 1570 1526 1656">
    <p class='ocr_par' dir='ltr' id='par_1_3' title="bbox 456 1570 1526 1656">
     <span class='ocr_line' id='line_1_8' title="bbox 456 1570 1526 1656; baseline -0.006 -18"><span class='ocrx_word' id='word_1_51' title='bbox 456 1588 488 1639; x_wconf 91' lang='lat' dir='ltr'>et</span> <span class='ocrx_word' id='word_1_52' title='bbox 504 1597 571 1638; x_wconf 91' lang='lat' dir='ltr'>eam</span> <span class='ocrx_word' id='word_1_53' title='bbox 588 1574 662 1638; x_wconf 87' lang='lat' dir='ltr'>fidei</span> <span class='ocrx_word' id='word_1_54' title='bbox 684 1572 908 1637; x_wconf 85' lang='lat' dir='ltr'>fortitudinem</span> <span class='ocrx_word' id='word_1_55' title='bbox 924 1585 955 1635; x_wconf 91' lang='lat' dir='ltr'>et</span> <span class='ocrx_word' id='word_1_56' title='bbox 978 1573 1241 1656; x_wconf 81' lang='lat' dir='ltr'>perseverantiam</span> <span class='ocrx_word' id='word_1_57' title='bbox 1258 1570 1416 1650; x_wconf 84' lang='lat' dir='ltr'>conferat,</span> <span class='ocrx_word' id='word_1_58' title='bbox 1523 1647 1526 1652; x_wconf 24' lang='grc' dir='ltr'>Ι</span> 
     </span>
    </p>
   </div>
   <div class='ocr_carea' id='block_1_4' title="bbox 453 1669 1414 1861">
    <p class='ocr_par' dir='ltr' id='par_1_4' title="bbox 453 1669 1414 1861">
     <span class='ocr_line' id='line_1_9' title="bbox 458 1669 1414 1758; baseline -0.004 -19"><span class='ocrx_word' id='word_1_59' title='bbox 458 1687 493 1739; x_wconf 92' lang='lat' dir='ltr'>ut</span> <span class='ocrx_word' id='word_1_60' title='bbox 504 1675 619 1739; x_wconf 84' lang='lat' dir='ltr'>fratres</span> <span class='ocrx_word' id='word_1_61' title='bbox 631 1693 756 1737; x_wconf 87' lang='lat' dir='ltr'>coaevos</span> <span class='ocrx_word' id='word_1_62' title='bbox 768 1685 800 1736; x_wconf 95' lang='lat' dir='ltr'>et</span> <span class='ocrx_word' id='word_1_63' title='bbox 810 1685 953 1758; x_wconf 88' lang='lat' dir='ltr'>posteros</span> <span class='ocrx_word' id='word_1_64' title='bbox 962 1671 993 1736; x_wconf 92' lang='lat' dir='ltr'>in</span> <span class='ocrx_word' id='word_1_65' title='bbox 1008 1672 1120 1736; x_wconf 86' lang='lat' dir='ltr'>timore</span> <span class='ocrx_word' id='word_1_66' title='bbox 1133 1671 1262 1736; x_wconf 91' lang='lat' dir='ltr'>Domini</span> <span class='ocrx_word' id='word_1_67' title='bbox 1274 1683 1307 1735; x_wconf 93' lang='lat' dir='ltr'>et</span> <span class='ocrx_word' id='word_1_68' title='bbox 1321 1669 1414 1735; x_wconf 92' lang='lat' dir='ltr'>cultu</span> 
     </span>
     <span class='ocr_line' id='line_1_10' title="bbox 453 1772 1034 1861; baseline -0.003 -22"><span class='ocrx_word' id='word_1_69' title='bbox 453 1775 590 1861; x_wconf 75' lang='lat' dir='ltr'>justitian</span> <span class='ocrx_word' id='word_1_70' title='bbox 607 1774 739 1839; x_wconf 76' lang='lat' dir='ltr'>feliciter</span> <span class='ocrx_word' id='word_1_71' title='bbox 755 1772 859 1837; x_wconf 88' lang='lat' dir='ltr'>valeas</span> <span class='ocrx_word' id='word_1_72' title='bbox 875 1772 1034 1837; x_wconf 88' lang='lat' dir='ltr'>roborare.</span> 
     </span>
    </p>
   </div>
   <div class='ocr_carea' id='block_1_5' title="bbox 474 2151 1403 2332">
    <p class='ocr_par' dir='ltr' id='par_1_5' title="bbox 474 2151 1403 2332">
     <span class='ocr_line' id='line_1_11' title="bbox 474 2151 1403 2216; baseline -0.006 -1"><span class='ocrx_word' id='word_1_73' title='bbox 474 2154 617 2216; x_wconf 82' lang='lat' dir='ltr'><strong>EPIST.</strong></span> <span class='ocrx_word' id='word_1_74' title='bbox 643 2151 868 2216; x_wconf 72' lang='lat' dir='ltr'>CCCll.-un</span> <span class='ocrx_word' id='word_1_75' title='bbox 884 2165 1090 2212; x_wconf 83' lang='lat' dir='ltr'>couvuuruu</span> <span class='ocrx_word' id='word_1_76' title='bbox 1108 2165 1403 2211; x_wconf 77' lang='lat' dir='ltr'>cauruaurnusnru.</span> 
     </span>
     <span class='ocr_line' id='line_1_12' title="bbox 845 2251 1067 2332; baseline 0.009 -19"><span class='ocrx_word' id='word_1_77' title='bbox 845 2251 889 2329; x_wconf 75' lang='lat' dir='ltr'>[a.</span> <span class='ocrx_word' id='word_1_78' title='bbox 909 2270 938 2312; x_wconf 92' lang='lat' dir='ltr'>n.</span> <span class='ocrx_word' id='word_1_79' title='bbox 959 2252 1067 2332; x_wconf 88' lang='lat'>1170.]</span> 
     </span>
    </p>
   </div>
   <div class='ocr_carea' id='block_1_6' title="bbox 664 2432 1217 2498">
    <p class='ocr_par' dir='ltr' id='par_1_6' title="bbox 664 2432 1217 2498">
     <span class='ocr_line' id='line_1_13' title="bbox 664 2432 1217 2498; baseline 0.002 -2"><span class='ocrx_word' id='word_1_80' title='bbox 664 2435 756 2497; x_wconf 83' lang='lat' dir='ltr'>Idem</span> <span class='ocrx_word' id='word_1_81' title='bbox 773 2432 1009 2498; x_wconf 76' lang='lat' dir='ltr'>cantuarien-si</span> <span class='ocrx_word' id='word_1_82' title='bbox 1026 2434 1217 2497; x_wconf 68' lang='lat' dir='ltr'>conemur.</span> 
     </span>
    </p>
   </div>
   <div class='ocr_carea' id='block_1_7' title="bbox 459 2563 1491 4487">
    <p class='ocr_par' dir='ltr' id='par_1_7' title="bbox 459 2563 1491 4487">
     <span class='ocr_line' id='line_1_14' title="bbox 503 2563 1416 2650; baseline -0.002 -20"><span class='ocrx_word' id='word_1_83' title='bbox 503 2568 668 2633; x_wconf 80' lang='lat' dir='ltr'>Vusruau</span> <span class='ocrx_word' id='word_1_84' title='bbox 694 2566 821 2650; x_wconf 78' lang='lat' dir='ltr'>saepius,</span> <span class='ocrx_word' id='word_1_85' title='bbox 848 2564 888 2627; x_wconf 60' lang='lat' dir='ltr'>si&#39;</span> <span class='ocrx_word' id='word_1_86' title='bbox 903 2563 1062 2629; x_wconf 85' lang='lat' dir='ltr'>reminisci</span> <span class='ocrx_word' id='word_1_87' title='bbox 1094 2564 1209 2649; x_wconf 90' lang='lat' dir='ltr'>placet,</span> <span class='ocrx_word' id='word_1_88' title='bbox 1233 2566 1416 2629; x_wconf 90' lang='lat' dir='ltr'>commonui</span> 
     </span>
     <span class='ocr_line' id='line_1_15' title="bbox 460 2665 1418 2754; baseline -0.003 -20"><span class='ocrx_word' id='word_1_89' title='bbox 460 2670 625 2734; x_wconf 87' lang='lat' dir='ltr'>caritatem</span> <span class='ocrx_word' id='word_1_90' title='bbox 641 2667 791 2754; x_wconf 84' lang='lat' dir='ltr'>quatinus</span> <span class='ocrx_word' id='word_1_91' title='bbox 813 2666 895 2751; x_wconf 91' lang='lat' dir='ltr'>patri</span> <span class='ocrx_word' id='word_1_92' title='bbox 918 2676 1022 2729; x_wconf 86' lang='lat' dir='ltr'>vestro</span> <span class='ocrx_word' id='word_1_93' title='bbox 1037 2677 1071 2730; x_wconf 92' lang='lat' dir='ltr'>et</span> <span class='ocrx_word' id='word_1_94' title='bbox 1092 2665 1223 2730; x_wconf 93' lang='lat' dir='ltr'>domiuo</span> <span class='ocrx_word' id='word_1_95' title='bbox 1243 2688 1299 2751; x_wconf 91' lang='lat' dir='ltr'>pro</span> <span class='ocrx_word' id='word_1_96' title='bbox 1321 2666 1418 2731; x_wconf 91' lang='lat' dir='ltr'>liber·</span> 
     </span>
     <span class='ocr_line' id='line_1_16' title="bbox 460 2768 1418 2855; baseline -0.002 -19"><span class='ocrx_word' id='word_1_97' title='bbox 460 2782 526 2836; x_wconf 88' lang='lat' dir='ltr'>tate</span> <span class='ocrx_word' id='word_1_98' title='bbox 538 2769 682 2836; x_wconf 80' lang='lat' dir='ltr'>ecclesiae</span> <span class='ocrx_word' id='word_1_99' title='bbox 693 2791 828 2854; x_wconf 85' lang='lat' dir='ltr'>agonem</span> <span class='ocrx_word' id='word_1_100' title='bbox 840 2768 872 2831; x_wconf 93' lang='lat' dir='ltr'>in</span> <span class='ocrx_word' id='word_1_101' title='bbox 885 2785 1012 2832; x_wconf 88' lang='lat' dir='ltr'>sextum</span> <span class='ocrx_word' id='word_1_102' title='bbox 1021 2790 1154 2846; x_wconf 90' lang='lat' dir='ltr'>annum,</span> <span class='ocrx_word' id='word_1_103' title='bbox 1166 2768 1251 2855; x_wconf 89' lang='lat' dir='ltr'>quod</span> <span class='ocrx_word' id='word_1_104' title='bbox 1263 2768 1418 2834; x_wconf 90' lang='lat' dir='ltr'>hactenus</span> 
     </span>
     <span class='ocr_line' id='line_1_17' title="bbox 459 2867 1419 2957; baseline -0.002 -20"><span class='ocrx_word' id='word_1_105' title='bbox 459 2871 567 2957; x_wconf 83' lang='lat' dir='ltr'>exegit</span> <span class='ocrx_word' id='word_1_106' title='bbox 589 2869 771 2948; x_wconf 78' lang='lat' dir='ltr'>necessitas,</span> <span class='ocrx_word' id='word_1_107' title='bbox 787 2868 985 2955; x_wconf 80' lang='lat' dir='ltr'>protrahenti</span> <span class='ocrx_word' id='word_1_108' title='bbox 1009 2867 1147 2933; x_wconf 88' lang='lat' dir='ltr'>fideliter</span> <span class='ocrx_word' id='word_1_109' title='bbox 1168 2872 1219 2953; x_wconf 91' lang='lat' dir='ltr'>(ut</span> <span class='ocrx_word' id='word_1_110' title='bbox 1240 2872 1419 2956; x_wconf 88' lang='lat' dir='ltr'>oportebat)</span> 
     </span>
     <span class='ocr_line' id='line_1_18' title="bbox 460 2968 1420 3044; baseline 0.003 -9"><span class='ocrx_word' id='word_1_111' title='bbox 460 2970 662 3044; x_wconf 80' lang='lat' dir='ltr'>assisteretis,</span> <span class='ocrx_word' id='word_1_112' title='bbox 674 2981 708 3034; x_wconf 91' lang='lat' dir='ltr'>et</span> <span class='ocrx_word' id='word_1_113' title='bbox 719 2982 755 3033; x_wconf 94' lang='lat' dir='ltr'>ut</span> <span class='ocrx_word' id='word_1_114' title='bbox 768 2968 1046 3033; x_wconf 86' lang='lat' dir='ltr'>communicaretis</span> <span class='ocrx_word' id='word_1_115' title='bbox 1057 2970 1297 3035; x_wconf 86' lang='lat' dir='ltr'>necessitatibus</span> <span class='ocrx_word' id='word_1_116' title='bbox 1308 2994 1420 3037; x_wconf 90' lang='lat' dir='ltr'>eorum</span> 
     </span>
     <span class='ocr_line' id='line_1_19' title="bbox 459 3070 1419 3159; baseline 0.004 -24"><span class='ocrx_word' id='word_1_117' title='bbox 459 3073 515 3157; x_wconf 91' lang='lat' dir='ltr'>qui</span> <span class='ocrx_word' id='word_1_118' title='bbox 541 3070 731 3136; x_wconf 89' lang='lat' dir='ltr'>acerbitates</span> <span class='ocrx_word' id='word_1_119' title='bbox 761 3071 857 3149; x_wconf 87' lang='lat' dir='ltr'>exilii,</span> <span class='ocrx_word' id='word_1_120' title='bbox 884 3072 1121 3158; x_wconf 90' lang='lat' dir='ltr'>proscriptionis</span> <span class='ocrx_word' id='word_1_121' title='bbox 1150 3072 1280 3159; x_wconf 90' lang='lat' dir='ltr'>iujurias</span> <span class='ocrx_word' id='word_1_122' title='bbox 1304 3086 1419 3139; x_wconf 92' lang='lat' dir='ltr'>contu·</span> 
     </span>
     <span class='ocr_line' id='line_1_20' title="bbox 460 3170 1419 3260; baseline 0.006 -23"><span class='ocrx_word' id='word_1_123' title='bbox 460 3172 573 3237; x_wconf 91' lang='lat' dir='ltr'>melias</span> <span class='ocrx_word' id='word_1_124' title='bbox 602 3170 852 3255; x_wconf 87' lang='lat' dir='ltr'>detrahentium,</span> <span class='ocrx_word' id='word_1_125' title='bbox 877 3186 1144 3260; x_wconf 86' lang='lat' dir='ltr'>persequutorum</span> <span class='ocrx_word' id='word_1_126' title='bbox 1175 3176 1347 3259; x_wconf 87' lang='lat' dir='ltr'>molestias,</span> <span class='ocrx_word' id='word_1_127' title='bbox 1378 3201 1419 3243; x_wconf 89' lang='lat' dir='ltr'>ne</span> 
     </span>
     <span class='ocr_line' id='line_1_21' title="bbox 461 3273 1491 3363; baseline 0.006 -24"><span class='ocrx_word' id='word_1_128' title='bbox 461 3276 583 3341; x_wconf 88' lang='lat' dir='ltr'>furores</span> <span class='ocrx_word' id='word_1_129' title='bbox 605 3273 739 3338; x_wconf 86' lang='lat' dir='ltr'>dixerim</span> <span class='ocrx_word' id='word_1_130' title='bbox 762 3296 820 3359; x_wconf 93' lang='lat' dir='ltr'>pro</span> <span class='ocrx_word' id='word_1_131' title='bbox 842 3275 941 3339; x_wconf 85' lang='lat' dir='ltr'>verbo</span> <span class='ocrx_word' id='word_1_132' title='bbox 964 3277 1098 3340; x_wconf 92' lang='lat' dir='ltr'>Domini</span> <span class='ocrx_word' id='word_1_133' title='bbox 1120 3278 1330 3363; x_wconf 88' lang='lat' dir='ltr'>pertulerunt.</span> <span class='ocrx_word' id='word_1_134' title='bbox 1377 3280 1421 3345; x_wconf 88' lang='lat' dir='ltr'>Et</span> <span class='ocrx_word' id='word_1_135' title='bbox 1489 3292 1491 3295; x_wconf 69' lang='lat'>‘</span> 
     </span>
     <span class='ocr_line' id='line_1_22' title="bbox 462 3376 1419 3462; baseline 0.003 -18"><span class='ocrx_word' id='word_1_136' title='bbox 462 3379 585 3444; x_wconf 91' lang='lat' dir='ltr'>utinam</span> <span class='ocrx_word' id='word_1_137' title='bbox 601 3376 752 3443; x_wconf 89' lang='lat' dir='ltr'>salutaria</span> <span class='ocrx_word' id='word_1_138' title='bbox 766 3388 800 3441; x_wconf 90' lang='lat' dir='ltr'>et</span> <span class='ocrx_word' id='word_1_139' title='bbox 820 3376 954 3441; x_wconf 87' lang='lat' dir='ltr'>honesta</span> <span class='ocrx_word' id='word_1_140' title='bbox 968 3389 1154 3444; x_wconf 89' lang='lat' dir='ltr'>monentem</span> <span class='ocrx_word' id='word_1_141' title='bbox 1177 3379 1352 3462; x_wconf 90' lang='lat' dir='ltr'>audissetis,</span> <span class='ocrx_word' id='word_1_142' title='bbox 1367 3382 1419 3447; x_wconf 85' lang='lat' dir='ltr'>vel</span> 
     </span>
     <span class='ocr_line' id='line_1_23' title="bbox 462 3479 1420 3569; baseline 0.003 -23"><span class='ocrx_word' id='word_1_143' title='bbox 462 3480 598 3546; x_wconf 88' lang='lat' dir='ltr'>audiatis</span> <span class='ocrx_word' id='word_1_144' title='bbox 607 3480 724 3559; x_wconf 90' lang='lat' dir='ltr'>adhuc,</span> <span class='ocrx_word' id='word_1_145' title='bbox 736 3502 777 3544; x_wconf 88' lang='lat' dir='ltr'>ne</span> <span class='ocrx_word' id='word_1_146' title='bbox 790 3501 844 3544; x_wconf 89' lang='lat' dir='ltr'>vos</span> <span class='ocrx_word' id='word_1_147' title='bbox 857 3479 954 3567; x_wconf 89' lang='lat' dir='ltr'>(quod</span> <span class='ocrx_word' id='word_1_148' title='bbox 966 3480 1062 3563; x_wconf 88' lang='lat' dir='ltr'>absit)</span> <span class='ocrx_word' id='word_1_149' title='bbox 1078 3481 1173 3547; x_wconf 89' lang='lat' dir='ltr'>nimis</span> <span class='ocrx_word' id='word_1_150' title='bbox 1184 3505 1254 3547; x_wconf 90' lang='lat' dir='ltr'>sero</span> <span class='ocrx_word' id='word_1_151' title='bbox 1264 3483 1420 3569; x_wconf 86' lang='lat' dir='ltr'>poeniteat</span> 
     </span>
     <span class='ocr_line' id='line_1_24' title="bbox 461 3581 1419 3669; baseline 0.005 -23"><span class='ocrx_word' id='word_1_152' title='bbox 461 3581 692 3647; x_wconf 87' lang='lat' dir='ltr'>incredulitatis</span> <span class='ocrx_word' id='word_1_153' title='bbox 712 3592 746 3645; x_wconf 89' lang='lat' dir='ltr'>et</span> <span class='ocrx_word' id='word_1_154' title='bbox 764 3581 892 3645; x_wconf 85' lang='lat' dir='ltr'>duritiae</span> <span class='ocrx_word' id='word_1_155' title='bbox 912 3593 1037 3647; x_wconf 82' lang='lat' dir='ltr'>vestrae.</span> <span class='ocrx_word' id='word_1_156' title='bbox 1085 3582 1169 3647; x_wconf 90' lang='lat' dir='ltr'>Nam</span> <span class='ocrx_word' id='word_1_157' title='bbox 1191 3606 1250 3669; x_wconf 91' lang='lat' dir='ltr'>ego</span> <span class='ocrx_word' id='word_1_158' title='bbox 1264 3584 1419 3651; x_wconf 87' lang='lat' dir='ltr'>hactenus</span> 
     </span>
     <span class='ocr_line' id='line_1_25' title="bbox 460 3682 1420 3772; baseline 0.005 -24"><span class='ocrx_word' id='word_1_159' title='bbox 460 3683 550 3748; x_wconf 89' lang='lat' dir='ltr'>vobis</span> <span class='ocrx_word' id='word_1_160' title='bbox 565 3694 602 3747; x_wconf 89' lang='lat' dir='ltr'>ut</span> <span class='ocrx_word' id='word_1_161' title='bbox 617 3682 796 3748; x_wconf 88' lang='lat' dir='ltr'>Cassandra</span> <span class='ocrx_word' id='word_1_162' title='bbox 811 3683 961 3769; x_wconf 87' lang='lat' dir='ltr'>Trojanis</span> <span class='ocrx_word' id='word_1_163' title='bbox 976 3706 1103 3769; x_wconf 89' lang='lat' dir='ltr'>semper</span> <span class='ocrx_word' id='word_1_164' title='bbox 1116 3707 1191 3750; x_wconf 89' lang='lat' dir='ltr'>vera</span> <span class='ocrx_word' id='word_1_165' title='bbox 1206 3688 1420 3772; x_wconf 87' lang='lat' dir='ltr'>pronuncians</span> 
     </span>
     <span class='ocr_line' id='line_1_26' title="bbox 461 3782 1419 3864; baseline 0.008 -17"><span class='ocrx_word' id='word_1_166' title='bbox 461 3782 571 3847; x_wconf 88' lang='lat' dir='ltr'>videor</span> <span class='ocrx_word' id='word_1_167' title='bbox 588 3783 746 3846; x_wconf 86' lang='lat' dir='ltr'>insanire:</span> <span class='ocrx_word' id='word_1_168' title='bbox 777 3794 811 3847; x_wconf 90' lang='lat' dir='ltr'>et</span> <span class='ocrx_word' id='word_1_169' title='bbox 824 3785 866 3848; x_wconf 90' lang='lat' dir='ltr'>ab</span> <span class='ocrx_word' id='word_1_170' title='bbox 885 3784 1057 3850; x_wconf 88' lang='lat' dir='ltr'>incredulis</span> <span class='ocrx_word' id='word_1_171' title='bbox 1077 3785 1204 3864; x_wconf 88' lang='lat' dir='ltr'>dicitur,</span> <span class='ocrx_word' id='word_1_172' title='bbox 1230 3789 1339 3854; x_wconf 93' lang='lat' dir='ltr'>Homo</span> <span class='ocrx_word' id='word_1_173' title='bbox 1358 3789 1419 3855; x_wconf 89' lang='lat' dir='ltr'>iste</span> 
     </span>
     <span class='ocr_line' id='line_1_27' title="bbox 462 3881 1419 3974; baseline 0.01 -26"><span class='ocrx_word' id='word_1_174' title='bbox 462 3884 503 3948; x_wconf 91' lang='lat' dir='ltr'>de</span> <span class='ocrx_word' id='word_1_175' title='bbox 521 3881 616 3946; x_wconf 91' lang='lat' dir='ltr'>corde</span> <span class='ocrx_word' id='word_1_176' title='bbox 636 3905 693 3946; x_wconf 93' lang='lat' dir='ltr'>suo</span> <span class='ocrx_word' id='word_1_177' title='bbox 715 3885 892 3969; x_wconf 86' lang='lat' dir='ltr'>prophetat.</span> <span class='ocrx_word' id='word_1_178' title='bbox 940 3887 983 3949; x_wconf 87' lang='lat' dir='ltr'>Et</span> <span class='ocrx_word' id='word_1_179' title='bbox 1001 3899 1038 3950; x_wconf 90' lang='lat' dir='ltr'>ut</span> <span class='ocrx_word' id='word_1_180' title='bbox 1059 3888 1266 3974; x_wconf 89' lang='lat' dir='ltr'>simpliciores</span> <span class='ocrx_word' id='word_1_181' title='bbox 1285 3892 1419 3958; x_wconf 90' lang='lat' dir='ltr'>inducat</span> 
     </span>
     <span class='ocr_line' id='line_1_28' title="bbox 461 3984 1421 4069; baseline 0.008 -17"><span class='ocrx_word' id='word_1_182' title='bbox 461 3988 495 4052; x_wconf 94' lang='lat' dir='ltr'>iu</span> <span class='ocrx_word' id='word_1_183' title='bbox 519 3984 632 4051; x_wconf 89' lang='lat' dir='ltr'>erroris</span> <span class='ocrx_word' id='word_1_184' title='bbox 657 3997 691 4048; x_wconf 89' lang='lat' dir='ltr'>et</span> <span class='ocrx_word' id='word_1_185' title='bbox 716 3985 880 4050; x_wconf 83' lang='lat' dir='ltr'>infortunii</span> <span class='ocrx_word' id='word_1_186' title='bbox 904 3987 953 4051; x_wconf 93' lang='lat' dir='ltr'>sui</span> <span class='ocrx_word' id='word_1_187' title='bbox 977 3991 1182 4069; x_wconf 91' lang='lat' dir='ltr'>consortium,</span> <span class='ocrx_word' id='word_1_188' title='bbox 1207 3993 1296 4058; x_wconf 85' lang='lat' dir='ltr'>vanis</span> <span class='ocrx_word' id='word_1_189' title='bbox 1320 4005 1421 4060; x_wconf 88' lang='lat' dir='ltr'>terret</span> 
     </span>
     <span class='ocr_line' id='line_1_29' title="bbox 461 4088 1418 4176; baseline 0.007 -21"><span class='ocrx_word' id='word_1_190' title='bbox 461 4088 610 4155; x_wconf 91' lang='lat' dir='ltr'>oraculis:</span> <span class='ocrx_word' id='word_1_191' title='bbox 634 4099 668 4152; x_wconf 91' lang='lat' dir='ltr'>et</span> <span class='ocrx_word' id='word_1_192' title='bbox 682 4109 768 4152; x_wconf 88' lang='lat' dir='ltr'>nunc</span> <span class='ocrx_word' id='word_1_193' title='bbox 779 4098 903 4154; x_wconf 88' lang='lat' dir='ltr'>rectum</span> <span class='ocrx_word' id='word_1_194' title='bbox 918 4089 1114 4175; x_wconf 86' lang='lat' dir='ltr'>sapientibus</span> <span class='ocrx_word' id='word_1_195' title='bbox 1125 4094 1264 4161; x_wconf 91' lang='lat' dir='ltr'>intentat</span> <span class='ocrx_word' id='word_1_196' title='bbox 1275 4098 1418 4176; x_wconf 86' lang='lat' dir='ltr'>adversa,</span> 
     </span>
     <span class='ocr_line' id='line_1_30' title="bbox 462 4189 1418 4279; baseline 0.01 -24"><span class='ocrx_word' id='word_1_197' title='bbox 462 4214 549 4257; x_wconf 90' lang='lat' dir='ltr'>nunc</span> <span class='ocrx_word' id='word_1_198' title='bbox 569 4189 844 4278; x_wconf 89' lang='lat' dir='ltr'>acquiescentibus</span> <span class='ocrx_word' id='word_1_199' title='bbox 861 4214 1010 4279; x_wconf 87' lang='lat' dir='ltr'>prospera</span> <span class='ocrx_word' id='word_1_200' title='bbox 1029 4194 1207 4279; x_wconf 90' lang='lat' dir='ltr'>pollicetur.</span> <span class='ocrx_word' id='word_1_201' title='bbox 1255 4199 1320 4263; x_wconf 90' lang='lat' dir='ltr'>Sed</span> <span class='ocrx_word' id='word_1_202' title='bbox 1342 4221 1418 4265; x_wconf 88' lang='lat' dir='ltr'>ecce</span> 
     </span>
     <span class='ocr_line' id='line_1_31' title="bbox 462 4293 1418 4385; baseline 0.01 -30"><span class='ocrx_word' id='word_1_203' title='bbox 462 4293 495 4356; x_wconf 90' lang='lat' dir='ltr'>iu</span> <span class='ocrx_word' id='word_1_204' title='bbox 512 4294 650 4359; x_wconf 89' lang='lat' dir='ltr'>cervices</span> <span class='ocrx_word' id='word_1_205' title='bbox 660 4293 863 4358; x_wconf 86' lang='lat' dir='ltr'>inimicorum</span> <span class='ocrx_word' id='word_1_206' title='bbox 879 4294 1023 4359; x_wconf 84' lang='lat' dir='ltr'>ecclesiae</span> <span class='ocrx_word' id='word_1_207' title='bbox 1036 4295 1120 4361; x_wconf 91' lang='lat' dir='ltr'>Petri</span> <span class='ocrx_word' id='word_1_208' title='bbox 1132 4296 1258 4381; x_wconf 86' lang='lat' dir='ltr'>gladius</span> <span class='ocrx_word' id='word_1_209' title='bbox 1270 4310 1418 4385; x_wconf 88' lang='lat' dir='ltr'>potenter</span> 
     </span>
     <span class='ocr_line' id='line_1_32' title="bbox 463 4395 1419 4487; baseline 0.009 -31"><span class='ocrx_word' id='word_1_210' title='bbox 463 4405 592 4459; x_wconf 87' lang='lat' dir='ltr'>exertus</span> <span class='ocrx_word' id='word_1_211' title='bbox 606 4409 665 4476; x_wconf 90' lang='lat' dir='ltr'>est,</span> <span class='ocrx_word' id='word_1_212' title='bbox 680 4408 713 4460; x_wconf 89' lang='lat' dir='ltr'>et</span> <span class='ocrx_word' id='word_1_213' title='bbox 735 4395 866 4461; x_wconf 90' lang='lat' dir='ltr'>Malcho</span> <span class='ocrx_word' id='word_1_214' title='bbox 881 4396 941 4462; x_wconf 89' lang='lat' dir='ltr'>nisi</span> <span class='ocrx_word' id='word_1_215' title='bbox 963 4397 1102 4463; x_wconf 89' lang='lat' dir='ltr'>declinet</span> <span class='ocrx_word' id='word_1_216' title='bbox 1123 4397 1221 4468; x_wconf 89' lang='lat' dir='ltr'>ictum</span> <span class='ocrx_word' id='word_1_217' title='bbox 1238 4401 1419 4487; x_wconf 88' lang='lat' dir='ltr'>amputabit</span> 
     </span>
    </p>
   </div>
   <div class='ocr_carea' id='block_1_8' title="bbox 0 0 1882 5484">
    <p class='ocr_par' dir='ltr' id='par_1_8' title="bbox 0 0 1882 5484">
     <span class='ocr_line' id='line_1_33' title="bbox 0 0 1882 5484; baseline 0 0"><span class='ocrx_word' id='word_1_218' title='bbox 0 0 1882 5484; x_wconf 95' lang='lat' dir='ltr'> </span> 
     </span>
    </p>
   </div>
  </div>
 </body>
</html>
