3734 5484
502 808 562 868 178
759 819 895 865 roannrs
911 818 1192 863 saansuaarunsrs
1366 796 1411 875 [A.
1423 816 1454 859 n.

500 972 596 1046 dices,
609 980 758 1034 verentur
773 969 940 1049 delatores,
951 969 1041 1055 quasi
1056 968 1124 1032 sine
1140 988 1249 1030 eorum
1263 964 1457 1029 conscientia

501 1072 615 1149 nullos,
638 1093 738 1157 quum
762 1070 909 1135 voluntas
934 1071 1035 1151 adest,
1058 1067 1176 1134 faciant
1198 1077 1352 1153 sumptus.
1398 1064 1457 1129 Est

502 1175 607 1239 cautio
630 1173 772 1260 praestita
795 1174 955 1259 potestati,
982 1186 1068 1237 certe
1091 1194 1155 1236 non
1179 1181 1269 1235 tenet
1294 1169 1456 1253 obligatio.

504 1275 638 1339 Timent
653 1297 761 1358 regern
783 1273 948 1360 probabile
969 1273 1099 1360 quidem
1115 1283 1173 1349 est,
1189 1282 1222 1336 et
1237 1271 1338 1356 magis
1361 1292 1457 1356 quam

502 1378 621 1442 Deum.
678 1378 762 1441 Nam
793 1398 891 1463 quum
922 1376 1024 1440 altero
1053 1375 1258 1461 praecipiente
1288 1373 1456 1460 prohibeat

503 1480 593 1556 alter,
610 1479 661 1543 vel
676 1489 796 1560 contra,
811 1478 1014 1564 perspicuum
1031 1488 1079 1541 est
1101 1477 1153 1541 cui
1175 1487 1333 1561 pareatur.
1378 1474 1457 1541 Exi·

502 1593 597 1667 getur
618 1582 748 1645 fortasse
770 1580 941 1666 purgatio:
977 1579 1044 1643 sine
1067 1577 1233 1665 dispendio
1256 1575 1458 1641 conscientiae

501 1694 535 1745 et
556 1681 651 1745 famae
674 1681 817 1767 praestari
840 1703 903 1744 uon
927 1679 1053 1765 poterit.
1107 1677 1348 1744 Conducibilius
1371 1676 1455 1740 enim

503 1794 551 1847 est
573 1782 723 1846 subtilem
746 1782 946 1867 praetendere
968 1782 1179 1846 reverentiam
1202 1791 1236 1844 et
1257 1778 1457 1866 privilegium

503 1884 580 1947 cleri
617 1884 672 1970 qui
702 1884 855 1968 immunis
887 1894 935 1947 est
967 1885 1009 1948 ab
1040 1883 1222 1968 hujusmodi
1254 1880 1455 1969 juramentis.

506 1984 570 2049 Sed
596 1985 712 2071 inquis,
738 1984 904 2049 nobiscum
925 1985 1000 2069 jure
1022 1984 1072 2049 vel
1100 1982 1221 2048 ratione
1248 2004 1311 2046 non
1343 1975 1456 2065 agitur,

503 2087 560 2151 sed
579 2086 694 2151 furore.
741 2085 898 2172 Nunquid
925 2107 1002 2169 ergo
1027 2084 1206 2159 furentibus
1226 2083 1458 2148 confurendum

503 2199 551 2251 est
572 2189 690 2271 rejecto
708 2188 793 2271 jure,
808 2198 841 2250 et
863 2186 985 2250 ratione
1007 2195 1200 2271 contempta.
1246 2184 1310 2251 Sed
1329 2198 1458 2248 auctore

503 2288 576 2352 Deo
591 2310 653 2374 pax
668 2287 811 2352 ecclesiae
831 2287 957 2352 videtur
972 2310 1040 2351 esse
1061 2287 1094 2350 in
1112 2287 1250 2371 januis*
1279 2283 1458 2367 Nec'video

502 2413 567 2477 qua
595 2390 698 2454 fronte
722 2390 754 2453 in
784 2390 892 2476 quiete
919 2390 1018 2476 ipsius
1044 2390 1183 2453 audeant
1209 2410 1372 2475 apparere,
1403 2380 1459 2473 qui

503 2493 648 2558 videntes
683 2492 872 2579 periculum,
902 2504 936 2556 et
970 2491 1086 2556 totiens
1121 2491 1258 2555 invocati
1294 2489 1458 2573 naufragio

504 2596 572 2681 ejus
598 2594 678 2660 nihil
707 2593 816 2658 auxilii
846 2593 1060 2669 contulerunt,
1088 2594 1211 2657 utinam
1237 2592 1267 2657 ei
1291 2593 1342 2658 vel
1373 2589 1458 2657 nunc

505 2695 665 2760 Dominus
699 2717 790 2758 meus
819 2705 853 2758 et
882 2694 937 2758 alii
967 2693 1062 2758 amici
1092 2695 1254 2780 porrigant
1282 2691 1457 2775 dexteram,

504 2821 545 2862 ne
561 2821 614 2862 eos
629 2799 831 2884 postmodum
848 2797 1013 2883 poeniteat,
1024 2819 1124 2883 quum
1142 2796 1327 2881 navigantes
1338 2795 1456 2861 Christi

504 2899 674 2984 discipulos
696 2900 729 2963 in
751 2899 842 2963 litore
858 2899 997 2963 viderint
1015 2899 1168 2976 exultare,
1189 2910 1222 2962 et
1241 2920 1274 2962 se
1290 2898 1405 2974 vocari,
1421 2907 1457 2961 ut

504 3002 755 3084 comprandeant
769 3000 826 3063 illi.
872 3000 943 3064 Nec
959 3001 1018 3064 hoc
1033 3000 1156 3065 dictum
1172 3011 1274 3086 putes,
1288 3012 1323 3064 ut
1338 2998 1459 3085 aliquid

503 3099 583 3161 mihi
598 3098 756 3161 tribuatur
770 3100 826 3184 qni
841 3121 898 3184 per
912 3102 1047 3183 gratiam
1070 3102 1133 3165 Dei
1149 3112 1182 3166 et
1196 3102 1322 3165 illorum
1343 3101 1459 3187 quibus

503 3222 523 3263 a
544 3200 714 3283 juventute
738 3198 840 3262 coalui
860 3199 958 3263 floreo
982 3214 1015 3264 et
1039 3202 1179 3281 abundo,
1202 3203 1258 3265 sed
1283 3202 1355 3267 Deo
1378 3214 1458 3268 teste

502 3301 649 3366 desidero
674 3299 852 3365 satisfacere
879 3300 1012 3365 caritati
1065 3302 1117 3366 De
1143 3313 1199 3365 tuo
1224 3313 1257 3366 et
1282 3304 1458 3368 amicorum

504 3412 587 3469 'statu
613 3404 766 3468 sollicitus
791 3402 939 3467 nuntium
965 3402 1037 3466 misi
1063 3415 1254 3488 praesentem
1279 3403 1354 3466 fidei
1378 3405 1456 3468 mihi

502 3508 663 3592 probataer
695 3506 846 3591 aquosi
869 3504 1003 3590 dignum
1026 3505 1116 3570 ducis
1138 3502 1178 3568 de
1201 3525 1274 3568 meo
1296 3505 1457 3591 inquirere

502 3609 631 3694 poteris,
647 3618 680 3673 et
694 3606 781 3694 quod
795 3606 950 3692 placuerit
965 3607 1070 3673 eidem
1087 3629 1196 3673 secure
1212 3606 1369 3673 intimare.

502 3911 723 3975 EPISTOLA
747 3912 998 3976 CCLXX—An
1014 3934 1193 3979 crastenum
1216 3934 1454 3979 canuuaanmu

724 4029 983 4074 noawmunsmu.
1017 4015 1060 4093 [a.
1074 4033 1104 4077 u.
1126 4017 1233 4095 risu]

674 4162 760 4225 Idem
778 4159 915 4224 Girordo
932 4162 1062 4224 Cellorio
1078 4160 1273 4227 Norwicensi.

543 4294 705 4354 Gnuuuns
719 4286 814 4350 audio
834 4287 875 4349 de
897 4298 941 4368 te,
955 4286 1170 4364 dilectissime,
1187 4287 1271 4373 quod
1288 4286 1452 4350 honestam

501 4387 644 4452 ecclesiae
667 4388 827 4452 desideres
851 4398 884 4452 et
908 4410 1014 4473 speras
1041 4411 1165 4475 pacem,
1190 4410 1250 4452 nec
1276 4387 1454 4473 portionem
