3734 5484
450 786 512 842 22⁴2
720 797 855 841 ioannis
871 796 1151 841 saansannrnusis
1309 780 1354 859 [s.
1372 798 1404 842 n.

452 950 606 1032 populum
634 968 726 1009 suum
757 969 774 1008 a
804 946 952 1010 faucibus
982 947 1105 1010 ,Iuliani
1136 946 1264 1031 eripuit.
1314 949 1408 1013 Deus

453 1056 536 1110 certe
551 1070 590 1110 ex
607 1047 672 1111 alto
686 1048 849 1132 prospicit,
861 1048 917 1132 qui
934 1047 1050 1110 electos
1066 1070 1140 1111 suos
1156 1069 1253 1132 supra
1268 1048 1301 1111 id
1318 1050 1405 1134 quod

453 1163 597 1235 possunt,
613 1150 727 1212 tentari
752 1172 813 1212 non
839 1149 992 1234 patietur,
1014 1149 1054 1213 de
1077 1148 1146 1234 ipsa
1166 1149 1348 1233 jucundum
1375 1162 1408 1214 et

452 1247 625 1332 gloriosum
641 1250 787 1313 facturus
803 1252 980 1313 tentatione
996 1263 1199 1334 proventum.

497 1353 546 1415 Ut
575 1366 680 1416 autem
712 1352 957 1416 sollicitudinem
988 1365 1075 1416 tuam
1107 1376 1146 1417 ex
1177 1353 1286 1438 aliqua
1316 1366 1407 1439 parte

453 1454 609 1537 mitigem,
643 1453 834 1517 Fredericus
873 1455 1074 1518 Teutonicus
1109 1456 1296 1539 Tyrannus,
1335 1459 1408 1519 Deo

455 1554 658 1640 propitiante,
686 1577 794 1639 pacem
826 1578 897 1618 cum
925 1555 1055 1619 ecclesia
1083 1556 1229 1619 facturus
1256 1556 1408 1633 creditur,

454 1670 565 1741 petens
581 1669 617 1719 ut
629 1655 728 1719 filium
743 1678 835 1719 suum
853 1668 929 1719 natu
948 1655 1236 1740 secundum,quem
1252 1656 1285 1719 in
1300 1679 1408 1739 regem

455 1757 530 1840 eligi
544 1758 632 1832 fecit,
648 1758 678 1819 in
697 1758 925 1841 Imperatorem
948 1756 1079 1841 recipiat
1100 1755 1248 1820 dominus
1264 1780 1359 1843 papa,
1376 1770 1409 1821 et

455 1881 474 1921 a
489 1858 651 1922 catholicis
665 1858 819 1943 episcopis
841 1859 1006 1943 praecipiat
1027 1859 1211 1939 consecrari,
1226 1848 1410 1946 apostolicae

455 1959 522 2023 sedi
548 1960 736 2044 pariturum,
760 1959 839 2022 dum
867 1970 971 2022 tamen
999 1959 1190 2024 Fredericus
1215 1961 1248 2023 in
1274 1983 1410 2046 persona

455 2082 512 2124 sua
534 2060 656 2125 nullum
679 2059 899 2143 apostolicum,
923 2060 983 2122 nisi
999 2059 1087 2141 velit,
1108 2062 1248 2145 recipere
1270 2061 1410 2147 compel-

455 2160 552 2236 latur,
568 2174 684 2245 praeter
700 2162 831 2224 Petrum
848 2175 879 2223 et
903 2160 991 2237 alioS,
1009 2162 1065 2245 qui
1082 2162 1114 2225 in
1129 2161 1217 2225 coelis
1232 2174 1316 2226 sunt.
1362 2164 1408 2227 Et

454 2261 487 2323 in
502 2260 551 2323 his
567 2261 658 2323 facile
680 2261 858 2340 audiretur,
875 2263 901 2325 si
923 2284 985 2324 non
1010 2263 1111 2346 pactis
1133 2265 1294 2336 insereret,
1317 2275 1353 2326 ut
1375 2262 1408 2326 in

454 2359 609 2446 gradibus
629 2373 660 2424 et
681 2359 896 2445 dignitatibus
919 2365 986 2424 suis
1006 2375 1199 2442 remaneant,
1220 2363 1276 2448 qui
1297 2378 1410 2427 sunta

455 2461 662 2526 schismaticis
676 2462 894 2527 haeresiarchis
909 2462 1048 2527 ordinati
1072 2478 1103 2527 et
1119 2465 1302 2528 consecrati.
1336 2467 1410 2529 Stat

454 2563 494 2627 in
501 2563 561 2627 hoc
571 2564 691 2627 calculo
707 2564 745 2627 lis
760 2564 875 2641 adhuc,
886 2566 940 2627 sed
954 2579 1091 2649 utraque
1102 2588 1177 2651 pars
1191 2588 1230 2628 ex
1246 2566 1410 2651 aliquibus

455 2663 552 2749 signis
573 2665 605 2727 in
630 2664 765 2750 quadam
791 2663 953 2749 petitionis
972 2676 1064 2748 parte
1084 2665 1175 2728 alteri
1198 2687 1323 2729 cessura
1342 2686 1410 2728 esse

454 2767 669 2853 praesumitur.
714 2766 806 2844 Quod
831 2765 956 2851 plenius
978 2766 1165 2843 innotescet,
1188 2788 1301 2850 quum,
1321 2765 1411 2851 quod

454 2870 488 2933 in
511 2870 601 2934 brevi
624 2882 781 2955 speratur,
802 2869 891 2932 verbi
915 2880 1135 2953 procuratores
1158 2866 1267 2953 hujus,
1292 2868 1412 2932 Cister-

456 2970 563 3033 tiensis
578 2984 610 3031 et
626 2968 902 3035 Clarae-Vallensis
917 2968 1049 3032 abbates
1064 2969 1105 3032 ab
1120 2967 1250 3032 ecclesia
1267 2966 1413 3031 Romana

455 3068 616 3131 redierint.
663 3070 770 3130 Pauca
785 3069 972 3132 familiarius
996 3070 1097 3134 Lator
1117 3070 1321 3154 praesentium
1337 3091 1412 3154 pro-

456 3177 619 3250 sequetur,
644 3165 734 3250 cujus
763 3188 871 3229 curam
903 3189 1015 3251 precor
1041 3169 1151 3231 haberi
1177 3170 1285 3244 facias,
1311 3168 1413 3231 donec

455 3266 665 3340 convalescat,
688 3265 721 3329 in
743 3288 809 3351 quo
831 3279 864 3329 et
885 3266 1018 3328 fratrem
1041 3291 1159 3346 meum,
1181 3270 1290 3355 quoad
1313 3267 1415 3331 medi-

455 3372 558 3438 cinam
581 3369 729 3457 pertinet,
752 3368 919 3432 sollicitum
945 3391 1010 3432 esse
1034 3368 1187 3433 desidero.
1234 3373 1342 3446 Quum
1366 3392 1415 3431 re-

456 3478 526 3541 latu
541 3474 638 3559 digna
657 3472 854 3550 emerserint,
869 3495 906 3535 ea
921 3471 1048 3536 favente
1071 3475 1141 3535 Deo
1162 3471 1204 3534 ad
1220 3484 1307 3535 tuam
1325 3471 1414 3535 citis·

458 3577 535 3641 sime
546 3576 691 3640 notitiam
704 3576 913 3661 perferentur.
946 3573 1034 3649 Vale,
1047 3586 1077 3637 et
1092 3585 1219 3637 tuorum
1232 3570 1414 3635 memineris

459 3691 532 3742 ante
548 3681 664 3741 Deum.

457 3904 680 3969 EPISTOLA
703 3901 978 3965 ccxciii-n>
994 3922 1147 3965 nonnam.
1183 3901 1269 3981 [an.
1289 3901 1397 3979 litu]

585 4070 760 4134 Boldwino
774 4068 955 4131 Emoniensi
969 4070 1193 4130 archidiacono
1207 4069 1240 4131 J.
1256 4068 1301 4131 S.-

502 4199 621 4260 Mlnro
644 4191 703 4256 tibi
726 4190 848 4256 litteras
873 4213 953 4276 quas
976 4190 1104 4253 domino
1128 4192 1282 4255 Cantuar.
1306 4188 1413 4251 nuncii

461 4296 511 4360 sui
533 4319 552 4358 a
574 4295 661 4358 curia
683 4316 786 4377 nuper
809 4292 973 4370 miserunt,
995 4314 1034 4354 ex
1059 4292 1179 4376 quibus
1201 4313 1267 4355 esse
1290 4289 1415 4353 cautior

462 4395 593 4477 poteris,
629 4406 665 4456 ut
704 4415 765 4455 non
800 4392 891 4455 facile
928 4391 1014 4454 omni
1051 4389 1179 4474 spiritui
1218 4388 1413 4472 adquiescas.
