3734 5484
567 788 631 846 288
825 798 962 842 rouuxls
978 796 1256 841 ssursnrumusrs
1425 781 1470 859 [a.
1488 802 1519 848 n.

569 999 788 1061 EPISTOLA
803 996 1094 1060 cccxxlr.-m
1105 1015 1240 1059 rararu
1252 1018 1326 1060 ina.
1338 1018 1363 1061 s.
1376 1016 1523 1061 aaaron.

915 1100 962 1173 [Α.
980 1117 1008 1160 n.
1029 1100 1174 1173 1173-4]

571 1238 669 1299 Petro
686 1237 798 1299 Abbati
813 1238 932 1301 Sancti
947 1238 1086 1317 Remigii
1108 1237 1243 1300 Domini
1262 1259 1320 1300 sno
1334 1240 1430 1300 unico
1444 1259 1526 1300 surm

612 1339 758 1401 loannes
773 1340 813 1401 de
829 1337 949 1401 Samso.
968 1338 1121 1417 Salutem,
1136 1348 1166 1401 et
1185 1342 1355 1423 utriusque
1368 1343 1442 1403 eitra
1456 1361 1525 1401 suc-

615 1462 729 1503 cessus.

615 1563 790 1623 Dioruuur
802 1582 931 1622 caussas
938 1558 1053 1623 silentii
1063 1560 1262 1624 redderenon
1273 1572 1411 1644 oportet,
1423 1582 1524 1645 quum

573 1676 729 1725 terrarum
741 1661 808 1742 jam
825 1683 844 1721 a
860 1659 960 1723 multo
974 1673 1114 1746 tempore
1128 1662 1190 1725 sint
1203 1660 1364 1725 subtracta
1375 1682 1528 1723 commer-

571 1763 630 1842 cia,
650 1776 681 1826 et
705 1761 968 1825 intermeantibus
990 1761 1030 1823 de
1052 1774 1147 1845 gente
1169 1763 1201 1825 in
1225 1776 1349 1845 gentem
1376 1763 1442 1825 sine
1464 1762 1530 1825 dis·

572 1864 688 1950 pendio
717 1861 838 1937 salutis,
862 1877 892 1925 et
917 1863 991 1927 vitae
1015 1864 1156 1947 periculo
1179 1865 1311 1928 transire
1334 1887 1395 1926 non
1424 1864 1526 1927 liceat.

576 1968 638 2031 His
654 1989 739 2047 vero,
760 1965 815 2050 qni
839 1966 978 2049 suspecti
994 1966 1096 2030 habiti
1112 1980 1195 2043 sunt,
1210 1966 1395 2050 diligentius
1410 1987 1530 2050 praeca·

575 2066 711 2129 rendum
729 2079 787 2140 est,
803 2088 843 2127 ue
857 2088 897 2127 ex
914 2063 1022 2150 aliqua
1041 2065 1198 2149 probabili
1214 2065 1375 2128 occasione
1391 2063 1528 2149 publicae

576 2168 744 2251 potestatis
759 2168 838 2229 iram
856 2166 1030 2228 incurrant.
1062 2166 1145 2239 Quia
1159 2166 1236 2229 dum
1254 2166 1344 2229 timet
1360 2164 1529 2249 unusquis

575 2291 639 2353 que
665 2268 750 2353 quod
778 2268 906 2342 meruit,
929 2266 1081 2330 adversus
1112 2289 1184 2330 eum
1209 2290 1304 2351 quem
1328 2266 1481 2352 injustius
1496 2278 1529 2330 et

575 2369 713 2433 atrocius
728 2368 819 2442 iaesit,
836 2367 962 2430 facilius
983 2367 1192 2432 excandescit.
1239 2370 1323 2432 Nam
1346 2380 1380 2433 ut
1395 2366 1440 2431 ait
1456 2366 1527 2450 qui·

574 2472 648 2535 dam
665 2470 740 2536 satis
762 2470 922 2555 eleganter
939 2482 971 2534 et
993 2492 1085 2533 vere:

720 2582 816 2631 Rumor
828 2578 861 2630 de
872 2579 955 2630 veteri
966 2577 1044 2630 faciet
1056 2584 1164 2631 ventura
1177 2580 1272 2631 timeri.

790 2663 856 2716 Cras
867 2669 988 2733 poterunt
998 2663 1056 2716 fieri
1068 2666 1160 2735 turpia,
1174 2666 1242 2717 sicut
1253 2666 1323 2717 heri.

578 2754 630 2816 Ex
646 2775 712 2837 quo
731 2752 813 2815 euim
831 2751 1016 2815 Altissimus
1038 2752 1161 2836 patiens
1183 2752 1324 2836 quidem,
1340 2751 1394 2815 sed
1417 2753 1530 2838 procul

529 2843 533 2851 ’
578 2850 678 2915 dubio
693 2848 836 2912 redditor
845 2849 956 2934 justus
971 2848 1071 2912 erexit
1087 2848 1251 2911 dexteram
1266 2851 1298 2912 iu
1315 2847 1533 2926 retribuendo,

578 2965 609 3015 et
626 2952 759 3035 arripnit
771 2950 931 3035 judicium
943 2972 1055 3015 manus
1066 2951 1145 3035 ejus,
1156 2950 1268 3014 timent
1280 2949 1423 3036 plurimi,
1435 2949 1533 3013 neira

580 3076 612 3115 se
641 3052 681 3114 ad
708 3052 843 3114 invicem
873 3050 1090 3115 collidentium
1120 3063 1315 3137 potestatum
1339 3064 1477 3116 transeat
1499 3053 1533 3115 in

578 3152 730 3227 furorem,
759 3165 790 3214 et
821 3151 983 3215 declinant
1014 3156 1183 3238 impetum,
1213 3153 1314 3216 donec
1341 3153 1471 3238 justitia
1500 3153 1531 3215 in

574 3253 733 3337 judicium
758 3264 972 3325 convertatur,
998 3265 1085 3317 etex
1112 3254 1316 3319 conversione
1340 3255 1390 3317 vel
1414 3257 1532 3318 contri·

579 3356 665 3419 tione
679 3355 849 3440 impiorum
862 3353 1028 3418 consilium
1042 3355 1172 3418 Domini
1181 3356 1366 3421 innotescat.
1390 3355 1534 3433 Interim,

582 3457 804 3543 praestolamur
819 3457 851 3519 in
865 3456 991 3520 silentio
1008 3456 1144 3521 salutare
1156 3458 1230 3534 Dei,
1243 3471 1365 3522 certum
1378 3457 1533 3520 habentes

581 3559 669 3645 quod
685 3559 839 3645 patientia
854 3581 1030 3643 pauperum
1047 3582 1109 3621 non
1124 3558 1241 3644 peribit
1259 3562 1289 3623 in
1306 3560 1411 3623 finem.
1440 3560 1535 3622 Nunc

582 3661 736 3747 siquidem
749 3660 922 3745 plurimum
933 3661 1106 3723 necessaria
1114 3673 1173 3737 est,
1185 3684 1271 3724 nunc
1282 3672 1416 3745 opusest
1428 3660 1536 3737 armis,

582 3761 934 3845 nuncpectorefirmoin
944 3762 1091 3825 Domino
1108 3762 1383 3826 Audiunturenim
1394 3762 1537 3847 undique

581 3878 716 3927 terrores
731 3873 762 3924 et
777 3862 941 3945 opiniones
956 3862 1120 3926 bellorum.
1152 3864 1364 3928 Crebrescunt
1380 3863 1536 3943 incendia,

582 3979 625 4046 et,
640 3964 697 4051 qui
709 3964 816 4027 hostes
831 3963 1006 4029 debuerant
1021 3987 1217 4051 expugnare,
1232 3964 1263 4028 in
1280 3965 1422 4051 praedam
1433 3977 1535 4029 trans-

582 4080 670 4131 eunt.
716 4067 760 4129 Et
772 4086 833 4127 uon
845 4064 940 4128 modo
950 4065 991 4129 ab
1004 4066 1174 4151 Aquilone,
1189 4066 1242 4131 sed
1253 4090 1271 4131 a
1281 4079 1421 4151 quatuor
1432 4066 1536 4131 ventis

583 4170 653 4234 coeli
669 4170 699 4232 in
713 4168 882 4255 perniciem
900 4168 1092 4253 populorum
1108 4168 1171 4232 olla
1182 4169 1393 4235 succenditur.
1418 4172 1500 4233 Nam
1518 4192 1538 4233 a

582 4269 783 4353 generatione
798 4269 871 4347 ista,
887 4291 948 4332 nou
967 4270 1061 4332 modo
1072 4268 1128 4331 filii
1145 4269 1310 4334 Barachiae
1325 4269 1463 4353 sanguis,
1478 4268 1536 4354 qui

582 4379 750 4458 plusquam
774 4373 856 4437 iuter
878 4372 1032 4459 templum
1049 4385 1080 4437 et
1095 4372 1194 4437 altare
1218 4396 1319 4460 nuper
1340 4378 1461 4437 effusus
1477 4385 1537 4449 est,
