3734 5484
460 773 522 831 294
720 783 856 827 Joauurs
871 782 1149 827 sraasuunruusis
1316 764 1361 843 [A.
1381 784 1414 827 n.

457 934 603 996 davensis
613 932 862 996 archidiaconus.
894 932 955 996 Sed
968 932 1056 995 nulla
1070 930 1220 994 instantia
1234 943 1413 1015 potuerunt

456 1034 588 1112 efficere,
603 1046 638 1098 ut
653 1058 706 1097 eos
722 1034 781 1097 nisi
804 1034 952 1098 confusos
972 1033 1148 1097 dimitteret
1164 1032 1312 1095 dominus
1329 1056 1415 1117 papa

456 1148 625 1221 antequam
639 1158 729 1199 sunm
744 1135 893 1220 reciperet
907 1134 1110 1211 Gratianum,
1121 1133 1154 1195 in
1166 1132 1412 1218 cujusadventu

456 1259 575 1299 cornua
600 1258 709 1299 eorum
737 1257 877 1320 repressa
900 1246 988 1307 sunt,
1015 1245 1046 1296 et
1074 1245 1190 1307 retusa,
1215 1246 1247 1297 et
1271 1233 1412 1298 ecclesiae

457 1360 561 1415 causa,
583 1335 723 1399 revelata
744 1334 868 1420 plenius
891 1334 1035 1409 veritate,
1058 1335 1160 1416 magis
1182 1345 1214 1396 et
1241 1334 1342 1416 magis
1363 1334 1412 1397 iu-

457 1437 567 1501 valuit.
613 1439 696 1500 Nam
718 1452 748 1500 et
765 1436 953 1522 conjuratio,
969 1458 1044 1521 quae
1061 1434 1100 1497 ad
1117 1434 1218 1498 instar
1234 1434 1413 1498 schismatis

457 1539 524 1602 fieri
540 1539 714 1623 cogebatur
729 1538 760 1600 in
779 1538 908 1622 Anglia,
924 1537 1066 1601 ecclesiae
1081 1548 1301 1621 contraquam
1318 1558 1411 1621 para-

456 1640 553 1704 batur
568 1640 764 1726 profectibus
785 1638 944 1702 militabit.
991 1636 1126 1722 Sequuti
1143 1649 1215 1700 sunt
1232 1637 1284 1700 alii
1302 1637 1411 1700 nuncii

457 1754 610 1826 exparte
634 1739 735 1822 regis:
769 1737 917 1821 AEgidius
942 1737 1061 1801 scilicet
1087 1738 1355 1823 Rothomagensis
1377 1750 1411 1803 et

456 1843 479 1903 J
481 1844 619 1904 ohannes
630 1840 788 1922 Sagiensis
799 1838 1022 1917 archidiaconi,
1030 1850 1061 1901 et
1073 1838 1213 1901 famosus
1222 1838 1275 1901 ille
1282 1841 1412 1924 jurator

457 1941 595 2004 decanus
612 1942 713 2004 Sares.
729 1952 937 2004 retractantes
952 1940 1094 2026 priorum
1111 1940 1291 2022 petitiones,
1306 1955 1338 2004 ct
1361 1940 1411 2002 di-

457 2054 563 2105 centes
585 2042 747 2105 dominum
767 2063 873 2125 regem
894 2063 1033 2119 causam,
1048 2063 1122 2125 quae
1144 2040 1228 2103 inter
1248 2040 1353 2124 ipsum
1377 2053 1411 2105 et

459 2141 611 2206 Cantuar.
638 2141 908 2226 archiepiscopum
938 2142 1084 2216 vertitur,
1108 2152 1140 2203 et
1163 2141 1297 2204 formam
1321 2142 1410 2227 pacis

457 2242 541 2304 inter
555 2265 608 2303 eos
623 2242 831 2304 reformandas
843 2264 971 2326 prorsus
983 2243 1015 2304 in
1028 2241 1146 2303 domini
1159 2264 1252 2327 papae
1267 2243 1412 2306 conferre

457 2342 637 2415 arbitrium,
653 2354 684 2405 et
709 2363 803 2424 super
825 2342 885 2404 hoc
906 2342 1007 2426 ipsius
1029 2343 1112 2426 regis
1132 2342 1271 2407 bullatas
1287 2344 1411 2408 litteras

457 2441 671 2527 protulerunt.
716 2440 811 2514 Quod
827 2441 975 2505 dominus
990 2465 1073 2528 papa
1093 2443 1262 2527 benignius
1277 2442 1411 2508 audiens

457 2544 524 2624 regi
550 2543 775 2627 gratulatorias
801 2543 926 2627 scripsit
953 2542 1084 2619 litteras,
1111 2567 1249 2628 quarum
1277 2544 1335 2609 tibi
1361 2568 1411 2608 re-

459 2645 612 2731 scriptum
630 2648 732 2710 mitto.
771 2710 773 2715 ,

501 2748 635 2811 interim
651 2770 705 2810 rex
722 2770 794 2809 cum
810 2746 872 2809 alio
888 2770 974 2830 rege,
987 2747 1145 2812 mediante
1157 2750 1408 2833 Tyrensiarchi-

456 2848 616 2933 episcope,
638 2849 678 2911 de
701 2849 840 2913 tollenda
862 2871 955 2911 cruce
978 2850 1144 2929 tractabat,
1166 2850 1259 2935 eique
1281 2874 1410 2936 persua-

457 2962 539 3011 serat
555 2950 748 3033 interpositis
768 2951 969 3014 cautionibus
987 2953 1081 3035 (quas
1103 2953 1238 3037 exprimi
1260 2975 1319 3037 pro
1339 2976 1409 3038 per-

457 3071 541 3110 sonae
557 3054 730 3112 reverentia
746 3073 806 3113 non
828 3055 970 3134 oportet)
987 3052 1074 3136 quod
1090 3076 1108 3114 a
1123 3055 1269 3138 proximo
1286 3054 1410 3118 Pascha

455 3147 487 3208 in
511 3168 626 3210 annum
649 3148 829 3231 arripiendo
843 3150 950 3213 itineri
972 3152 1162 3235 accingetur.
1208 3155 1254 3217 Et
1277 3154 1409 3239 quidem

456 3248 515 3312 sub
531 3271 567 3310 eo
582 3261 742 3333 praetextu
760 3250 1064 3316 christianissimum
1085 3254 1259 3340 principem
1276 3255 1307 3317 in
1323 3279 1409 3319 com·

457 3350 740 3436 poneudisfinibus
750 3352 961 3416 suishabebat
971 3351 1266 3437 adjutorem,donec
1276 3358 1410 3423 collusio

456 3454 536 3518 inita
551 3477 623 3517 cum
641 3458 782 3519 Hervaeo
797 3454 837 3518 de
852 3457 965 3518 Monte
982 3453 1134 3532 Mirabili,
1150 3455 1242 3519 illum
1259 3483 1409 3523 excausa

455 3556 614 3640 probabili
639 3556 714 3620 fecit
745 3579 811 3619 esse
841 3567 1038 3639 suspectum:
1078 3557 1305 3639 suspectiorem
1332 3581 1408 3623 vero

456 3657 541 3740 quod
563 3657 755 3742 colloquium
777 3671 807 3722 et
831 3657 1030 3721 concordiam
1052 3656 1134 3741 regis
1157 3659 1352 3724 Francorum
1373 3675 1408 3727 et

454 3758 579 3819 comitis
603 3756 731 3821 Flandr.
755 3760 877 3822 studuit
903 3760 1066 3845 impedire.
1111 3761 1160 3824 Ut
1183 3774 1287 3825 tamen
1310 3762 1408 3826 devo-

455 3855 571 3919 tionem
588 3855 736 3918 tollendae
749 3858 850 3921 crucis
865 3861 1062 3944 probabilius
1078 3874 1243 3941 astrueret,
1254 3885 1309 3946 per
1321 3864 1406 3928 viros

455 3978 585 4040 magnos
605 3967 637 4018 et
660 3956 822 4040 religiosos
842 3973 873 4022 et
894 3982 951 4044 per
966 3960 1136 4025 familiares
1152 3985 1235 4043 suos,
1252 3963 1348 4041 (sicut
1364 3987 1406 4027 ex

453 4058 569 4122 litteris
585 4080 694 4121 eorum
711 4058 843 4139 videbis)
854 4083 925 4123 cum
942 4062 1072 4124 ecclesia
1087 4063 1127 4126 de
1142 4087 1219 4149 pace
1235 4065 1405 4143 tractabat,

453 4172 547 4223 utens
561 4158 680 4223 domini
698 4159 863 4245 Tyrensis,
880 4159 982 4224 officio
998 4160 1029 4224 in
1046 4161 1105 4224 hac
1120 4185 1226 4239 causa,
1242 4164 1292 4228 cui
1308 4168 1404 4230 etiam

452 4260 664 4345 praesentibus
693 4261 945 4348 archiepiscopis,
974 4263 1142 4347 episcopis,
1167 4264 1348 4345 abbatibus,
1373 4280 1407 4332 et

451 4361 559 4424 multis
573 4363 757 4446 proceribus
772 4368 962 4441 convocatis,
979 4364 1081 4449 primo
1103 4367 1208 4427 Deum
1226 4379 1257 4430 et
1275 4366 1326 4447 (ut
1342 4367 1406 4431 dici
