3734 5484
517 799 576 857 144
770 811 907 854 roanms
923 809 1204 856 saansanmuusls
1374 792 1417 870 [A.
1436 813 1467 854 u.

514 960 687 1038 Flandriae,
703 960 791 1045 quod
807 975 838 1025 et
854 962 960 1047 ipsum
977 962 1135 1038 comitem,
1148 974 1180 1024 et
1195 960 1282 1039 alios,
1297 961 1354 1047 qui
1370 964 1465 1025 inter-

513 1076 668 1127 cesserant
694 1085 734 1125 ex
765 1076 856 1148 parte
882 1086 951 1141 sua,
979 1063 1167 1127 liberaverat
1198 1062 1238 1125 ab
1263 1062 1465 1146 obligatione.

513 1164 630 1229 Nuncii
654 1186 728 1226 vero
752 1166 835 1249 regis
860 1165 985 1249 Angliae
1012 1188 1051 1228 ex
1077 1164 1210 1228 adverso
1236 1162 1467 1249 responderunt

511 1290 617 1352 regem
648 1290 742 1331 suum
768 1281 970 1333 ostensurum
1001 1269 1033 1331 in
1063 1268 1151 1331 curia
1181 1266 1391 1351 imperatoris
1417 1266 1466 1329 vel

511 1392 635 1454 regum,
653 1370 867 1446 Navariensis,
883 1383 940 1434 aut
961 1368 1177 1453 Aragonensis
1200 1367 1330 1444 scilicet,
1348 1368 1465 1451 quibus

510 1470 591 1535 filias
607 1495 679 1535 suas
693 1471 769 1534 dare
789 1471 941 1556 disponit,
957 1470 1046 1557 quod
1066 1472 1134 1557 ipse
1154 1470 1250 1533 fidem
1274 1482 1464 1546 servaverat,

510 1588 542 1634 et
558 1593 661 1635 comes
678 1569 850 1645 Flandriae,
861 1583 893 1633 et
908 1570 960 1633 alii
976 1571 1196 1634 intercessores
1209 1568 1352 1633 Franciae
1369 1568 1463 1631 fidem

510 1671 667 1750 laeserant,
683 1684 715 1735 et
730 1671 853 1736 interim
869 1672 1062 1757 petebantur
1077 1671 1225 1751 induciae,
1240 1670 1295 1733 sed
1312 1692 1374 1732 non
1390 1681 1463 1734 sunt

511 1773 665 1839 exauditi.
717 1773 768 1835 Sic
793 1787 900 1836 autem
926 1773 967 1836 ad
995 1774 1125 1858 propria
1150 1772 1267 1857 singuli
1291 1771 1463 1835 redierunt.

512 1875 600 1940 Huic
620 1874 780 1958 colloquio
803 1874 1017 1938 interfuerunt
1041 1874 1200 1951 Britones,
1220 1887 1252 1937 et
1277 1873 1411 1951 Pictavi,
1432 1888 1464 1936 et

510 1976 616 2041 nuncii
633 1976 715 2061 regis
732 1977 858 2051 Scotiae,
871 1989 902 2039 et
916 1998 1028 2061 regum
1041 1974 1178 2054 Walliae,
1188 1975 1254 2058 regi
1267 1975 1463 2038 Francorum

509 2078 665 2144 auxilium
681 2078 915 2165 promittentes,
932 2090 963 2142 et
979 2076 1105 2141 obsides
1119 2076 1298 2151 offerentes,
1315 2089 1347 2140 et
1361 2099 1461 2140 reces-

510 2193 620 2245 serunt
635 2179 780 2263 obligati,
797 2176 943 2241 similiter
958 2191 990 2241 et
1004 2199 1149 2261 proceres
1165 2178 1364 2242 Guasconiae.

552 2281 664 2345 Soluto
680 2302 790 2365 regum
811 2278 982 2363 colloquio,
998 2302 1036 2341 ne
1052 2278 1147 2341 latere
1168 2292 1284 2364 posset,
1301 2279 1461 2364 quomodo

508 2408 566 2448 rex
598 2382 724 2468 Angliae
754 2382 794 2445 de
820 2380 949 2444 domino
979 2405 1073 2468 papa,
1100 2395 1133 2447 et
1162 2382 1292 2446 ecclesia
1317 2387 1463 2448 Romana

508 2488 771 2574 triumphaverat,
799 2500 832 2550 et
862 2504 898 2551 ut
928 2486 1077 2551 dominus
1103 2487 1341 2553 Cantuariensis
1371 2487 1460 2551 fieret

506 2587 714 2675 opprobrium
730 2585 906 2663 hominum,
918 2601 950 2651 et
965 2588 1102 2673 abjectio
1110 2587 1223 2672 plebis,
1234 2601 1266 2651 et
1278 2587 1326 2650 sui
1343 2610 1462 2668 omnes,

506 2689 614 2754 literas
639 2689 758 2752 domini
788 2712 891 2776 papae,
919 2690 1039 2776 quibus
1065 2690 1154 2754 dedit
1184 2689 1212 2752 ei
1238 2689 1459 2776 impunitatem

506 2792 673 2878 peccandi,
683 2791 850 2856 transcribi
864 2790 952 2869 fecit,
968 2804 1000 2854 et
1016 2790 1057 2853 ad
1073 2789 1241 2874 utriusque
1257 2791 1347 2875 regni
1363 2791 1459 2854 eccle-

507 2896 579 2972 sias,
603 2905 634 2957 et
660 2915 810 2978 personas
834 2891 997 2956 destinari.
1044 2890 1209 2957 Gloriatus
1232 2904 1280 2955 est
1306 2905 1400 2955 etram
1429 2915 1460 2955 se

507 2994 586 3057 tales
600 2993 717 3054 amicos
732 2993 849 3056 habere
863 2994 896 3056 in
912 2992 1009 3071 curia,
1020 2994 1076 3077 qui
1092 3015 1200 3057 omnes
1214 3006 1347 3057 conatus
1362 2994 1463 3057 archi-

509 3091 648 3178 episcopi
666 3092 903 3157 Cantuariensis
919 3095 1131 3170 evacuabunt,
1147 3108 1179 3158 et
1199 3099 1245 3159 ita
1267 3096 1368 3159 seduli
1389 3109 1463 3159 sunt

506 3194 538 3256 in
555 3190 776 3278 promovendis
792 3192 926 3277 negotiis
941 3195 1019 3279 ejuS,
1038 3207 1073 3258 ut
1090 3217 1147 3259 nec
1163 3219 1258 3259 unam
1273 3199 1460 3282 petitionem

505 3297 669 3382 porrigere
700 3294 811 3380 possit,
841 3293 890 3356 vel
920 3293 1043 3378 aliquid
1073 3294 1253 3381 impetrare,
1284 3299 1373 3383 quod
1402 3323 1459 3385 per

505 3398 622 3463 amicos
644 3419 706 3460 non
732 3396 882 3460 mittatur
902 3395 943 3458 ad
965 3394 1079 3479 ipsum.
1125 3396 1249 3461 Scimus
1275 3411 1306 3461 et
1333 3400 1460 3463 nomina

505 3521 625 3575 eorum,
637 3519 773 3583 quorum
789 3496 920 3562 consilio
936 3495 1049 3570 utitur,
1063 3509 1094 3559 et
1110 3496 1190 3582 quid
1206 3520 1309 3584 nuper
1324 3514 1458 3583 egerunt

504 3600 651 3681 incuria,
667 3615 703 3664 ut
718 3622 828 3663 caussa
844 3599 916 3676 Dei,
933 3613 965 3662 et
980 3619 1136 3684 pauperes
1152 3598 1272 3663 Christi
1286 3600 1339 3663 vili
1355 3602 1459 3686 pretio

506 3702 728 3767 venderentur.
775 3702 889 3787 Neque
915 3702 999 3765 enim
1026 3700 1090 3765 fuit
1116 3701 1291 3765 multitudo
1318 3701 1349 3765 in
1375 3724 1458 3765 com-

505 3800 737 3865 mutationibus
759 3823 879 3865 eorum.
926 3805 1100 3887 Nunquam
1121 3801 1255 3866 fuissent
1274 3802 1337 3866 illae
1359 3801 1459 3865 unciae

504 3903 585 3980 auri,
601 3902 722 3987 quibus
743 3902 874 3987 impulsi
896 3915 971 3965 sunt
994 3917 1030 3966 ut
1050 3902 1210 3981 caderent,
1226 3926 1307 3988 quos
1321 3903 1459 3968 ecclesiae

504 4006 665 4070 columnas
679 4015 865 4088 oportuerat
881 4025 958 4067 esse.
990 4004 1149 4089 Adeoque
1164 4005 1204 4068 de
1220 4006 1384 4093 triumpho
1400 4031 1457 4071 suo

503 4110 605 4174 elatus
625 4119 672 4169 est
687 4128 755 4183 rex,
772 4118 808 4170 ut
828 4106 862 4168 in
881 4105 977 4169 domo
998 4128 1056 4169 sua
1075 4119 1171 4170 taceri
1192 4130 1254 4170 non
1277 4114 1387 4194 possit,
1401 4120 1455 4195 qui

503 4209 675 4277 cardinales
695 4208 736 4271 de
754 4207 810 4270 illo
831 4207 981 4294 pestifero
996 4220 1027 4272 et
1044 4206 1155 4271 infami
1175 4232 1254 4273 auro
1276 4209 1354 4273 nihil
1370 4232 1457 4272 acce-

504 4313 619 4398 perint,
643 4310 737 4396 quive
760 4308 1001 4394 procuraverint
1023 4309 1185 4394 quomodo
1209 4311 1444 4395 dispensaretur

503 4415 571 4480 aliis
597 4411 681 4497 plus,
706 4411 775 4474 aliis
804 4434 920 4488 nunus,
948 4410 1123 4475 secundum
1153 4410 1239 4495 quod
1270 4410 1370 4494 magis
1400 4423 1456 4473 aut
