3734 5484
466 794 524 852 196
724 807 861 849 mausus
878 804 1158 849 sinnsnnnrnusis
1330 784 1374 863 [x.
1392 800 1424 846 n.

464 958 527 1019 isse
536 955 667 1039 negotii,
684 978 781 1040 quum
797 969 901 1020 tamen
917 980 954 1019 ea
969 979 1043 1040 quae
1052 968 1142 1039 gesta
1151 966 1226 1017 sunt
1237 952 1425 1037 diligentius

465 1068 654 1141 exequatur.
692 1058 777 1132 Quin
794 1060 902 1143 potius
916 1080 974 1143 per
985 1058 1157 1142 prophetas
1168 1078 1252 1141 saepe
1264 1054 1423 1118 Dominus

465 1158 677 1221 comminatur
692 1180 725 1219 se
740 1171 833 1222 terrae
848 1158 992 1242 legitima
1016 1158 1168 1221 daturum
1191 1157 1324 1220 sabbata
1347 1178 1422 1239 quae

464 1258 650 1321 inobediens
660 1258 1000 1345 populusdenegabat.
1032 1258 1422 1322 DeMachabaeiscertum

464 1359 609 1445 estquod
622 1359 713 1423 bellis
723 1360 870 1445 occupati
882 1358 1062 1423 tantisotiis
1076 1371 1109 1422 et
1121 1357 1281 1422 solemniis
1295 1380 1421 1421 vacasse

467 1461 678 1545 nequiverint.
736 1462 864 1524 Exinde
890 1483 992 1545 usque
1017 1460 1057 1524 ad
1085 1459 1252 1525 Christum
1279 1459 1421 1522 medium

467 1577 598 1628 tenuere
622 1578 738 1628 cuncta
760 1563 932 1629 silentium.
979 1563 1024 1628 Et
1048 1564 1108 1627 sub
1132 1562 1285 1625 Romanis
1307 1561 1423 1646 princi-

467 1665 564 1750 pibus
583 1664 795 1729 invalescebat
811 1665 927 1728 divinae
949 1664 1108 1750 legistam
1131 1664 1312 1748 ignorantia
1325 1686 1421 1748 quam

466 1779 678 1851 contemptus.
723 1766 774 1830 Ad
790 1766 858 1829 haec
873 1778 996 1851 quanta
1009 1788 1137 1851 possum
1160 1766 1329 1828 devotione
1343 1788 1418 1850 sup·

466 1867 551 1952 plico
572 1870 721 1951 quatinus
736 1868 760 1929 si
784 1868 908 1931 habetis
923 1867 1062 1952 aliquam
1085 1866 1312 1952 expositionem
1329 1867 1353 1928 J
1354 1889 1421 1928 ere-

465 1967 539 2032 miae
553 1969 585 2030 in
600 1972 746 2032 Marcum
763 1991 832 2033 eam
849 1968 926 2031 mihi
939 1969 963 2032 si
980 1970 1083 2054 placet
1099 1967 1345 2047 communicetis,
1360 1980 1417 2032 aut

467 2071 494 2132 si
510 2092 572 2133 non
588 2069 711 2134 habetis
726 2093 784 2133 vos
804 2070 866 2156 ipsi
880 2071 1062 2154 componite
1081 2071 1156 2155 quia
1169 2092 1252 2155 opus
1273 2082 1416 2133 sanctum

465 2181 525 2244 est,
540 2182 572 2232 et
584 2182 648 2232 tam
659 2170 796 2232 ecclesiis
806 2193 902 2254 quam
913 2170 1110 2235 scholaribus
1121 2187 1249 2235 auctore
1263 2174 1331 2235 Deo
1345 2192 1419 2253 gra·

465 2270 631 2334 tissimum.
664 2275 732 2334 Nec
743 2271 843 2335 deerit
854 2276 1079 2357 opportunitas
1087 2273 1256 2352 scribendi,
1268 2272 1293 2337 si
1307 2275 1419 2337 Domi·

400 2364 402 2366 ¹
466 2393 527 2434 nus
542 2370 744 2455 inspiraverit
760 2375 968 2435 voluntatem.

501 2739 724 2804 EPISTOLA
747 2655 1080 2826 CCLXXXJidssxn
1095 2756 1384 2803 aanrnonormnnru

702 2858 803 2901 oxon.
819 2859 902 2902 aeis.
953 2840 1172 2923 [A.1).1169.]

587 3026 675 3087 idem
690 3028 909 3091 Bartholomco
923 3030 1110 3095 Exonicnai
1125 3034 1293 3117 Episcopo.

508 3161 695 3235 Atrunux‘r
710 3171 839 3235 fortuna
860 3196 966 3237 rerum
982 3175 1065 3239 vices
1085 3180 1330 3267 mortaliumque
1345 3205 1417 3245 con-

464 3272 617 3341 ditionem
640 3288 725 3336 nunc
740 3272 859 3358 dejicit,
876 3296 959 3337 nnnc
981 3276 1116 3339 extollit.
1163 3279 1296 3345 Rectius
1312 3296 1418 3347 tamen

463 3377 598 3442 dixerim
614 3389 646 3440 et
661 3374 776 3449 terius·
794 3375 882 3461 quod
897 3376 924 3441 is
940 3376 996 3459 qui
1014 3376 1114 3440 ventis
1128 3390 1160 3441 et
1176 3381 1254 3442 mari
1269 3384 1417 3466 imperat,

462 3479 666 3564 exigentibus
692 3478 855 3554 hominum
872 3476 1003 3554 meritis,
1019 3477 1050 3540 in
1067 3478 1178 3563 politia
1193 3480 1366 3565 mundana,
1383 3510 1417 3550 re

463 3572 581 3647 scilicet
606 3580 735 3666 publica
760 3580 945 3665 'degentium
972 3580 1004 3643 in
1027 3584 1088 3645 hoc
1108 3582 1224 3662 seculo,
1246 3584 1416 3652 seditiones

463 3706 530 3746 esse
545 3676 721 3768 patitur3et
736 3683 897 3747 interdum
913 3684 1003 3769 quasi
1019 3683 1171 3769 procellas
1185 3686 1318 3764 excitat,
1335 3712 1417 3754 nunc

464 3806 516 3846 eas
531 3783 719 3866 beneplaciti
732 3784 781 3845 sui
798 3786 995 3849 miseratione
1011 3787 1190 3872 compescit.
1223 3789 1295 3852 Hac
1309 3803 1416 3854 autem

463 3872 826 3968 ipsius'dispensatione‘
839 3906 942 3968 nuper
963 3886 1080 3951 accidit
1095 3889 1187 3972 quod·
1206 3889 1339 3955 illustris
1362 3917 1417 3958 rex

464 3983 605 4070 Angliae,
629 3976 703 4046 lieet
726 4006 809 4067 saepe
831 3983 1012 4049 solemniter
1029 4001 1061 4050 et
1082 3989 1210 4072 publice
1226 3993 1366 4077 jurasset
1386 4019 1417 4059 se

464 4091 496 4153 in
511 4084 687 4151 hominium
701 4082 962 4153 Christianissimi
974 4089 1059 4173 regis
1070 4089 1204 4155 ulterius
1214 4096 1325 4177 quoad
1334 4096 1418 4160 vive·

451 4204 512 4255 ret
533 4180 595 4254 non
619 4184 946 4289 rediturum-'saniori
969 4191 1417 4283 consilio?acquiescenspro·

463 4294 602 4377 positum
634 4285 784 4368 mutarim
800 4293 891 4369 etin
903 4292 1066 4378 proximo
1078 4294 1336 4381 'Epiphaniorum
1365 4299 1416 4363 die

464 4392 549 4477 apud
564 4394 708 4474 Montem
720 4392 903 4457 Mirabilem
915 4396 948 4472 in
960 4392 1043 4480 pago
1056 4398 1242 4462 Carrioten'si
1252 4398 1292 4461 ad
1302 4421 1419 4464 memo-
