3734 5484
455 770 494 827 16
711 778 847 821 Jotxxls
863 774 1144 821 sanusnenreusrs
1311 758 1357 837 [A.
1374 777 1404 819 o.

452 930 691 1014 praedicassent
736 931 841 992 Nemo
856 928 990 992 enim-in
1006 931 1116 1014 aliquo
1131 939 1343 1013 persequutus
1356 937 1406 990 est

453 1031 541 1115 quod
555 1043 622 1095 erat
633 1042 688 1095 aut
699 1030 865 1126 dieebatur
872 1032 1002 1095 Helias:
1025 1055 1121 1097 nemo
1130 1032 1257 1114 punivit
1265 1032 1407 1114 aliquem

453 1134 529 1216 quia
543 1134 656 1196 Petrus
671 1142 756 1195 esset
770 1142 825 1195 aut
835 1133 972 1196 Paulus:
996 1144 1028 1196 et
1040 1136 1062 1197 J
1063 1134 1207 1196 ohannes
1223 1144 1310 1195 tutus
1324 1142 1410 1193 esset

452 1236 487 1296 in
503 1245 678 1316 conspecto
690 1232 842 1307 Herodis,
850 1234 912 1295 nisi
925 1234 1057 1311 diceret,
1068 1254 1134 1295 non
1145 1232 1216 1297 licet
1226 1234 1286 1296 titi
1295 1232 1410 1294 hebere

454 1351 588 1395 uxorem
602 1334 728 1411 fratria
752 1334 813 1394 tui.
851 1333 968 1395 Nullus
993 1334 1079 1396 enim
1104 1333 1139 1395 in
1163 1342 1284 1396 tantam
1307 1332 1410 1395 evasit

455 1433 666 1516 tyrannidem,
678 1442 715 1496 ut
729 1445 873 1497 naturam
888 1446 1137 1516 persequeretur.
1176 1433 1241 1498 Sed
1256 1434 1409 1517 frequens

456 1546 515 1613 est,
529 1546 563 1599 et
577 1536 686 1597 multis
699 1537 845 1617 vulgatur
858 1536 1028 1618 exempliS,
1043 1538 1122 1619 quia

736 1643 834 1695 veritas
845 1641 933 1693 odium
945 1643 1022 1713 parit.

459 1742 523 1815 Qui
544 1762 621 1818 ergo
642 1748 875 1822 persequuntur
896 1740 929 1801 in
953 1739 1014 1803 hac
1037 1761 1136 1804 causa
1151 1741 1411 1804 cantuariensem

458 1840 749 1923 archiepiscopum,
759 1860 827 1901 non
841 1838 904 1900 hoc
919 1851 1154 1923 persequuntur
1169 1840 1257 1923 qood
1269 1842 1412 1903 Thomas

459 1952 521 2017 est,
535 1941 621 2024 quod
641 1940 770 2003 natione
786 1939 1037 2017 Lundoniensis‚
1051 1942 1186 2003 clericus
1207 1942 1413 2023 professione,

463 2042 564 2124 gradu
576 2040 735 2116 sacerdos,
746 2041 919 2124 episcopus
930 2040 1100 2121 dignitate:
1117 2042 1174 2104 sed
1189 2041 1276 2124 quod
1288 2063 1413 2104 annun·

463 2139 1168 2224 ciatpopuloDeisceleraeornm,etutlegem
1176 2142 1416 2205 Deiandiantet

463 2243 617 2308 obediant
626 2242 789 2325 principes
799 2241 1010 2305 Sodomorum
1020 2253 1052 2305 et
1063 2246 1204 2326 populus
1215 2244 1414 2306 Gomorrhae.

464 2343 1415 2429 Quidestcrgoquodpersequuntur?prosectoapostolorum

465 2446 594 2529 spiritus
609 2454 643 2507 et
662 2444 899 2527 prophetarum,
915 2445 1046 2527 spiritus
1063 2444 1199 2527 justitiae
1215 2455 1248 2507 et
1264 2445 1414 2518 veritatis,

465 2548 593 2631 spiritus
608 2546 708 2629 patris
721 2557 754 2610 et
768 2546 825 2608 filii
842 2557 874 2609 et
888 2546 1108 2609 indubitanter
1119 2548 1256 2629 Spiritus
1267 2546 1414 2608 Sanctus.

467 2652 554 2714 Nam
568 2647 602 2711 id
616 2649 850 2723 abominantur,
866 2649 1038 2711 abhorrent
1051 2657 1084 2711 et
1096 2648 1244 2729 puniunt,
1256 2646 1344 2729 quod
1359 2668 1418 2727 per

466 2752 640 2835 prophetas
659 2761 692 2813 et
711 2751 872 2831 apostolos
888 2750 999 2813 docuit
1020 2749 1158 2833 Spiritus
1178 2750 1326 2812 Sanctus.
1370 2748 1417 2809 Et

467 2853 495 2915 si
509 2852 579 2935 ipse
588 2850 707 2913 Paulus
717 2857 774 2911 aut
782 2851 803 2912 J
805 2871 924 2913 oannes
936 2849 1023 2933 quod
1038 2850 1165 2932 scripsit
1174 2847 1419 2931 praesentialiter

468 2950 600 3012 doceret
612 2950 647 3010 in
662 2969 766 3021 carne,
782 2959 837 3012 aut
851 2958 1051 3033 torqueretur
1068 2949 1246 3032 suppliciis,
1262 2958 1318 3010 aut
1333 2947 1420 3009 dice·

468 3059 555 3113 retur
568 3049 598 3109 ei
613 3047 655 3110 ad
675 3047 791 3124 minus,
810 3049 932 3109 Recede
945 3070 968 3109 a
982 3050 1083 3121 nobis,
1098 3052 1270 3112 scientiam
1290 3050 1420 3110 viarum

469 3158 603 3211 tuorum
626 3147 885 3227 aeternaequae
907 3146 1000 3207 nobee
1020 3151 1205 3210 contrarius
1226 3169 1268 3209 es.
1314 3148 1422 3211 Semel

470 3252 623 3331 loquutus
637 3255 686 3308 est
701 3245 803 3320 Deus,
818 3253 851 3307 et
864 3244 897 3306 id
917 3245 1025 3326 ipsum
1046 3246 1189 3308 secundo
1206 3268 1271 3309 non
1286 3249 1421 3329 repetit:

469 3372 532 3413 nec
547 3348 589 3412 ad
602 3345 810 3411 eruditionem
821 3346 964 3408 vivorum
980 3348 1112 3409 suscitat
1125 3356 1277 3409 mortuos.
1314 3348 1423 3419 Quum

469 3453 506 3515 in
528 3448 680 3514 Ecclesia
700 3457 875 3530 praesentes
897 3447 962 3510 sint
983 3449 1115 3531 Moyses
1137 3458 1170 3511 et
1191 3449 1372 3531 Prophetae,
1387 3461 1424 3513 nt

472 3551 642 3616 audiantur
656 3556 688 3611 et
704 3548 840 3610 doceant
850 3549 1021 3630 populum:
1043 3559 1075 3611 et
1091 3560 1127 3611 ut
1140 3569 1225 3631 pars,
1238 3570 1311 3630 quae
1326 3551 1423 3612 verbo

473 3652 607 3716 Domini
621 3649 853 3715 condemnetur
865 3670 909 3712 ex
924 3649 1085 3713 sententia
1105 3652 1222 3733 Moyse
1239 3659 1272 3713 et
1287 3650 1423 3732 prophe·

474 3764 588 3825 tarum,
608 3751 698 3813 alteri
714 3750 878 3811 victoriam
902 3749 1007 3825 cedat,
1022 3752 1199 3833 applicetur
1219 3751 1350 3834 Ephod‚
1366 3751 1423 3812 ubi

475 3850 686 3915 manifestatio
709 3858 759 3911 est
782 3849 920 3911 veritatis
942 3861 973 3911 et
991 3850 1120 3933 judicii,
1142 3862 1174 3914 et
1196 3849 1426 3933 respondeatur

476 3952 651 4034 unicuique
666 3947 842 4013 secundum
865 3970 964 4030 opera
986 3971 1052 4013 sna.
1097 3953 1244 4016 Formam
1259 3953 1343 4016 hanc
1358 3973 1424 4014 non

477 4053 617 4118 declinat
653 4050 894 4115 cantuariensis
922 4052 1181 4136 archiepiscopus
1210 4075 1317 4137 neque
1353 4052 1435 4126 suiz,

478 4158 576 4220 immo
598 4163 713 4235 optant
730 4165 763 4216 et
785 4162 885 4230 orant,
901 4165 936 4216 ut
956 4154 997 4216 de
1019 4156 1109 4217 vultu
1124 4156 1213 4218 verbi
1236 4154 1312 4232 Dei,
1325 4150 1359 4214 id
1379 4162 1427 4214 est

477 4259 557 4337 legis
580 4257 708 4332 divinae,
717 4254 878 4338 judicium
900 4256 1028 4319 illorum
1050 4257 1195 4340 prodeat,
1210 4269 1243 4320 et
1257 4255 1343 4319 oculi
1358 4255 1424 4317 Do-

478 4356 558 4418 mini
572 4356 737 4420 declarent
750 4356 941 4439 aequitatem.
985 4356 1019 4418 Si
1036 4357 1113 4439 quid
1125 4358 1208 4420 enim
1224 4355 1325 4436 exigit
1340 4352 1428 4436 quod
