3734 5484
452 786 471 841 6
713 798 848 841 rotulus
864 797 1144 842 ssrrnsunruuusm
1313 764 1358 858 [X.
1374 797 1405 842 u.

453 971 544 1031 agere
559 949 733 1013 consuevit.
772 948 930 1011 Caetemm
950 948 1007 1010 tibi
1024 950 1213 1031 compatior,
1230 950 1284 1032 qui
1302 949 1402 1012 mino·

453 1071 518 1113 rem
535 1050 734 1114 securitatem
749 1051 782 1111 in
800 1061 904 1132 portu,
916 1071 1013 1134 quam
1028 1049 1060 1111 in
1075 1050 1238 1131 naufragio
1253 1051 1407 1134 reperisti.

405 1147 408 1153 ’
455 1151 519 1214 Sed
536 1151 563 1214 si
578 1151 637 1214 tibi
659 1153 749 1214 Deus
765 1151 815 1213 vel
831 1150 873 1214 ad
890 1150 1051 1213 modicum
1070 1151 1258 1233 patientiam
1274 1151 1409 1222 dederit.

454 1252 541 1335 quod
571 1252 630 1315 tibi
659 1251 839 1314 indubitata
868 1250 933 1314 fide
968 1250 1158 1334 pronuncio,
1187 1251 1340 1333 naufragi,
1370 1250 1410 1313 de

454 1354 571 1437 quibus
587 1352 783 1435 desperatur,
799 1352 949 1415 citissime
967 1361 1117 1433 poterunt
1132 1365 1164 1414 et
1179 1353 1289 1415 volent
1302 1352 1407 1435 opitu·

454 1454 521 1517 lari.
567 1454 625 1516 Sta
646 1473 720 1534 ergo
742 1454 776 1516 in
802 1475 841 1516 ea
864 1452 1060 1529 conditione,
1082 1452 1116 1515 in
1140 1473 1204 1536 qua
1226 1473 1245 1515 a
1267 1453 1410 1516 Domino

454 1568 587 1619 vocatus
603 1577 648 1634 es,
662 1558 820 1619 et-saltem
838 1566 994 1638 quatenus
1010 1553 1079 1616 sine
1099 1554 1242 1637 periculo
1256 1554 1408 1638 potueris,

454 1656 569 1720 divinae
598 1659 680 1739 legis
709 1668 846 1720 assertor
875 1656 990 1719 existe.
1042 1656 1127 1719 Satis
1156 1656 1332 1719 humanum
1361 1666 1410 1718 est

454 1758 541 1842 quod
557 1758 631 1820 dico
650 1768 778 1840 propter
800 1756 1018 1820 infirmitatem
1040 1757 1145 1819 caruis
1159 1766 1286 1820 nostrae.
1324 1756 1407 1833 Quia

453 1859 517 1921 nisi
532 1858 589 1940 qui
602 1857 684 1937 legis
704 1857 884 1920 custodiam
898 1857 1049 1939 periculis
1070 1859 1218 1920 omuibus
1233 1859 1409 1940 anteponit,

453 1960 567 2023 salvari
582 1981 646 2022 non
668 1980 775 2042 posse,
791 1960 880 2022 testis
903 1970 952 2022 est
966 1960 1078 2021 beatus
1096 1960 1271 2040 apostolus,
1287 1966 1320 2021 et
1340 1969 1409 2024 tota

454 2061 569 2125 concio
584 2061 807 2142 perfectorum.
847 2059 969 2142 Scripsi
990 2058 1114 2122 homini
1128 2079 1186 2140 pro
1207 2079 1272 2141 quo
1287 2059 1406 2121 sollici·

454 2162 545 2224 tatis:
572 2172 605 2225 et
620 2161 716 2224 credo
732 2163 818 2245 quod
839 2165 879 2225 ab
894 2162 966 2245 ipso
981 2181 1038 2244 per
1053 2162 1186 2223 latorem
1201 2162 1405 2243 praesentium

454 2262 495 2323 de
511 2272 593 2325 statu
609 2262 689 2345 ejus,
701 2263 757 2345 qui
774 2264 845 2326 Deo
861 2262 1053 2345 propitiante
1069 2262 1173 2323 bonus
1188 2273 1246 2339 est,
1261 2263 1407 2325 certiora-

453 2364 547 2426 beris.
596 2363 729 2425 Amicos
757 2373 882 2425 nostros
912 2365 1015 2425 saluta
1046 2361 1240 2443 diligentius,
1271 2383 1405 2444 quorum

452 2464 592 2537 uomina,
609 2464 693 2527 sicut
714 2463 841 2545 paginae
861 2463 1031 2539 subducta,
1046 2461 1092 2526 sic
1116 2463 1223 2525 animo
1243 2464 1405 2546 portitoris

453 2564 582 2628 confido
598 2564 818 2648 multiplicatis
832 2564 980 2647 precibus
996 2585 1065 2627 esse
1080 2565 1244 2646 impressa.

488 2882 719 2945 EPISTOLA.
743 2882 988 2946 CXCHL-rn
1005 2901 1215 2945 nunnwmuu
1230 2899 1369 2945 ascum.

510 2986 521 2997 ‘
680 3001 908 3045 nxoulsussu.
957 2983 1002 3060 [A.
1018 3004 1049 3046 n.
1068 2986 1176 3065 nou]

618 3134 790 3198 Boldwino
804 3134 985 3197 Euonieust'
1000 3138 1233 3202 archidiacono.

495 3281 757 3342 Exrncrarrouu
772 3275 868 3356 longa
883 3276 1041 3357 suspensi,
1056 3286 1088 3339 et
1102 3277 1303 3360 impatientia
1320 3280 1404 3343 desi·

455 3376 943 3453 deriiaestuantes,nuntiinostri
952 3378 1405 3458 praestolabamuradventum‚

455 3490 619 3566 sperantes
633 3480 668 3543 in
681 3479 787 3542 reditu
801 3477 871 3562 ejus
884 3499 945 3541 nos
961 3479 1136 3542 amicorum
1150 3478 1317 3560 diligentia
1338 3482 1405 3546 fore

453 3584 503 3647 vel
526 3580 688 3645 literarum
709 3578 821 3641 solatio
843 3577 1041 3642 recreandos
1093 3580 1138 3642 Et
1159 3580 1289 3663 quidem
1312 3602 1407 3645 secus

455 3683 585 3755 accidit,
599 3703 697 3763 quum
713 3681 766 3743 ille
781 3700 846 3742 non
861 3679 1003 3744 retulerit
1017 3680 1084 3744 iota
1095 3682 1145 3743 vel
1160 3681 1296 3763 apicem.
1335 3684 1406 3747 Nec

453 3787 516 3847 hoo
532 3782 679 3854 dicimus,
694 3795 730 3843 ut
743 3791 798 3842 aut
816 3781 958 3843 caritatis
980 3781 1150 3859 defectum,
1166 3792 1221 3845 aut
1242 3784 1406 3864 negligen-

454 3885 531 3948 tiam
546 3882 680 3946 velimus
700 3882 734 3942 in
756 3880 867 3943 amicis
889 3901 1032 3961 arguere,
1047 3904 1129 3964 quos
1150 3894 1240 3947 tanto
1261 3882 1406 3947 acerbius

455 3983 553 4065 affligi
568 3978 770 4064 conjicimus,
785 3990 905 4062 quanto
927 3980 1033 4042 miuus
1054 3980 1173 4044 audent
1195 4003 1269 4045 suas
1291 4003 1406 4065 augus-

454 4085 514 4148 tias
542 4083 716 4165 deplorare.
776 4077 1036 4161 Comprimuntur
1075 4080 1159 4142 enim
1198 4083 1406 4164 castigatione

455 4183 587 4262 crudeli,
601 4201 772 4267 puerorum
787 4200 885 4257 more,
901 4201 982 4264 quos
1004 4192 1235 4264 praeoeptorum
1258 4184 1406 4246 severitas

454 4287 550 4367 cogit,
565 4296 601 4349 ut
621 4285 753 4349 eductas
775 4282 894 4346 doloris
916 4284 1047 4365 impetu,
1064 4295 1096 4346 et
1118 4294 1257 4347 extortas
1272 4286 1405 4349 verberi·

454 4392 515 4451 bus
539 4389 696 4468 lacrymas
721 4386 823 4450 redire
846 4385 966 4467 iaciant
986 4386 1020 4448 iu
1047 4386 1151 4449 sinum
1174 4388 1350 4463 oculorum,
1375 4396 1407 4448 et
