3734 5484
495 797 557 855 ‘234
754 807 891 852 ioannis
906 806 1181 852 sanssannrnusrs
1355 788 1398 868 [a.
1416 810 1449 855 n.

496 957 536 1021 de
559 957 671 1022 merito
693 958 876 1022 amiserumt
904 956 1008 1020 locum
1032 970 1061 1020 et
1093 969 1231 1041 gentem.
1277 958 1360 1023 Num
1384 960 1452 1024 fere

498 1062 646 1145 quotiens
675 1082 714 1124 ex
730 1043 955 1144 aliqua-causa
979 1059 1123 1123 consulto
1147 1059 1237 1122 Deus
1265 1058 1452 1137 offenditur,

498 1182 547 1224 res
574 1159 606 1223 in
629 1161 821 1225 contrarium
845 1173 919 1223 voto
942 1159 1047 1244 pergit
1077 1171 1236 1223 eventum.
1285 1160 1319 1223 Si
1346 1170 1451 1229 tamen

496 1258 541 1323 illi
573 1259 667 1344 longo
696 1277 837 1345 tempore
863 1259 1022 1344 expectati
1052 1258 1273 1343 poenitentiam
1303 1260 1453 1346 egissent,

496 1359 673 1445 potuissent
688 1359 747 1423 loci
763 1371 795 1423 et
809 1359 913 1444 gentis
936 1358 1101 1423 retinuisse
1117 1360 1299 1445 primatum,
1316 1361 1373 1446 qui
1388 1362 1452 1427 illis

497 1461 654 1526 induratis
679 1463 767 1546 genti
798 1460 937 1525 traditus
963 1474 1010 1524 est
1040 1460 1168 1524 facienti
1198 1461 1339 1526 fructum
1370 1463 1450 1549 ejus.

499 1562 565 1627 Vos
587 1564 707 1648 itaque,
729 1564 938 1638 dilectissimi,
961 1563 1111 1646 qnoniam
1134 1563 1239 1630 adhuc
1262 1577 1389 1651 tempus
1404 1579 1453 1632 est

497 1665 732 1751 propitiationis
760 1678 792 1729 et
823 1665 937 1742 meriti,
966 1664 1137 1728 accelerare
1168 1665 1208 1729 ad
1239 1666 1362 1730 veniam
1393 1689 1453 1754 per

497 1768 611 1852 dignos
640 1767 835 1853 poenitentiae
864 1767 1000 1846 fructus,
1029 1778 1061 1829 et
1083 1782 1308 1851 praeoccupate
1336 1769 1450 1833 faciem

492 1868 613 1955 judicis
634 1870 666 1932 in
689 1866 890 1947 confessione,
913 1880 944 1931 et
968 1867 1193 1932 satisfactionis
1216 1868 1383 1953 diligentia
1403 1894 1453 1934 re-

498 1971 608 2035 dimite
624 1993 754 2050 moram,
769 1984 799 2035 et
818 1970 938 2054 lapsam
954 1970 1067 2054 erigite
1082 1971 1258 2034 caritatem.
1283 1971 1405 2035 Facilis
1419 1985 1452 2037 et

496 2071 643 2157 gloriosa,
659 2075 685 2135 si
709 2094 782 2134 vera
804 2085 878 2135 sunt
901 2094 975 2157 quae
999 2070 1153 2134 dicuntur
1175 2072 1261 2156 apud
1277 2093 1344 2152 nos,
1360 2073 1452 2138 satis-

497 2172 633 2237 faciendi
655 2185 687 2236 et
715 2172 890 2236 redimendi
912 2172 1028 2235 samam
1053 2171 1143 2235 vobis
1164 2171 1297 2238 offertur
1318 2174 1451 2255 occasio,

498 2298 597 2362 quum
628 2276 775 2339 dominus
797 2297 853 2337 rex
879 2276 931 2357 (ut
954 2274 1060 2351 aiunt)
1085 2274 1116 2337 in
1139 2275 1288 2361 injuriam
1311 2276 1450 2341 ecclesiae

498 2391 612 2442 vestrae
633 2374 732 2440 filium
756 2397 849 2439 suum
873 2398 930 2460 per
952 2398 1079 2439 manum
1112 2375 1339 2461 archiepiscopi
1363 2378 1452 2442 Ebo-

498 2480 635 2544 racensis
646 2491 703 2542 aut
718 2477 847 2541 alterius
862 2477 1001 2563 episcopi
1017 2477 1092 2542 velit
1107 2477 1220 2562 inungi
1235 2491 1267 2543 et
1276 2480 1452 2543 consecrari

498 2584 530 2647 in
560 2604 675 2666 regem.
736 2579 889 2645 Prohibet
919 2579 979 2643 hoc
1008 2578 1154 2644 dominus
1186 2602 1271 2666 papa
1300 2580 1452 2645 mandato

498 2683 622 2753 iterato,
639 2696 670 2747 et
693 2696 767 2747 sunt
786 2681 1004 2767 prohibitoriae
1026 2682 1096 2768 ejus
1111 2686 1143 2747 in
1165 2705 1272 2767 regno.
1318 2684 1406 2760 Quas
1425 2684 1453 2747 si

498 2787 660 2873 porrigere
681 2784 870 2849 cessaverint
891 2786 958 2861 alii,
974 2797 1007 2849 et
1029 2784 1071 2848 ad
1091 2807 1147 2848 vos
1172 2785 1383 2871 pervenerint,
1403 2786 1451 2851 in-

499 2887 641 2953 duantur
663 2911 773 2974 quaeso
788 2886 886 2971 aliqui
908 2899 1048 2951 vestrum
1072 2886 1192 2950 virtute
1212 2910 1251 2951 ex
1267 2887 1333 2953 alto
1349 2900 1452 2954 utens

498 2992 673 3076 porrigant,
693 2992 755 3054 Dei
772 3001 804 3052 et
819 2989 934 3052 summi
957 2988 1117 3075 pontificis
1137 2988 1325 3054 auctoritate
1345 2991 1453 3077 prohi-

498 3093 619 3166 bentes,
637 3094 732 3154 etiam
752 3089 942 3174 interposita
956 3090 1169 3176 appellatione
1184 3090 1209 3153 si
1224 3114 1308 3176 opus
1329 3092 1450 3167 luerit3

497 3215 536 3256 ne
551 3205 676 3257 tantum
687 3191 910 3277 praejudicium
931 3206 1048 3256 sauctae
1070 3191 1292 3258 cantuariensi
1312 3194 1452 3258 ecclesiae

497 3296 673 3361 inferatur:
698 3294 875 3381 prasertim
902 3317 1004 3380 quum
1026 3295 1054 3357 is
1076 3294 1116 3357 ad
1139 3315 1234 3378 quem
1258 3307 1381 3380 spectat
1396 3296 1454 3359 do-

497 3400 602 3464 minus
617 3401 770 3465 Cantuar.
794 3413 924 3485 paratus
942 3398 982 3461 sit
998 3396 1058 3460 hoc
1072 3397 1213 3483 implere.
1238 3398 1454 3463 Nihilominus

411 3555 414 3559 .
498 3504 524 3566 si
546 3526 598 3566 eas
619 3502 651 3564 in
673 3500 819 3565 fraudem
840 3499 979 3563 ecclesiae
1002 3500 1211 3584 suppresserit
1229 3499 1343 3584 aliquis
1359 3513 1395 3564 ut
1410 3500 1454 3565 ad

500 3628 555 3669 vos
569 3604 734 3691 pervenire
750 3626 813 3667 non
830 3602 966 3678 valeant,
984 3625 1039 3666 vos
1055 3614 1160 3665 tamen
1180 3601 1221 3664 de
1236 3602 1346 3666 divina
1361 3601 1453 3665 mise-

499 3706 637 3768 ricordia
666 3704 861 3768 confidentes
886 3702 1133 3789 prohihitionem
1156 3717 1188 3766 et
1208 3704 1456 3789 appellationem

498 3806 538 3867 ad
568 3803 815 3889 propulsandam
838 3803 986 3885 injuriam
1010 3802 1226 3866 imminentem
1250 3803 1452 3889 interponere

498 3930 559 3972 non
576 3905 741 3981 differatis,
756 3917 789 3968 et
804 3904 952 3967 omnibus
966 3902 1104 3966 ecclesiae
1120 3917 1235 3968 vestrae
1245 3905 1454 3991 suffraganeis

499 4010 691 4076 auctoritate
707 4006 789 4071 sedis
804 4004 986 4090 apostolicae
1001 4005 1186 4089 praecipere,
1204 4020 1240 4071 ut
1251 4007 1453 4094 praesentiam

499 4137 587 4180 suam
601 4111 675 4177 huic
689 4110 776 4196 operi
789 4109 990 4185 subtrahant,
1007 4119 1039 4170 et
1054 4107 1244 4193 praejudicio
1260 4111 1370 4174 matris
1386 4132 1453 4175 suae

500 4219 587 4282 nulla
609 4237 739 4298 prorsus
761 4212 882 4277 ratione
904 4213 1149 4275 communicent.
1197 4211 1292 4289 Quod
1314 4212 1341 4275 si
1366 4213 1455 4276 vobis

500 4317 677 4381 tacentibus
689 4327 921 4400 praesurnptum
937 4313 1045 4393 fuerit,
1060 4313 1111 4376 cui
1135 4312 1175 4375 de
1198 4325 1314 4377 caetero
1336 4313 1454 4400 poterit

500 4416 682 4500 persuaderi
703 4417 806 4479 zelum
828 4437 891 4478 non
915 4415 1056 4499 periisse,
1077 4427 1109 4478 et
1124 4415 1289 4481 caritatem
1306 4438 1368 4480 non
1383 4438 1452 4481 esse
