3734 5484
490 782 549 841 184
754 794 891 839 Joxxurs
909 796 1188 855 sannsuaynmusrs
1345 781 1390 859 [A.
1409 800 1440 842 u.

487 947 548 1008 line
572 946 746 1031 praesertim
771 949 802 1009 iu
829 946 1012 1013 Christiano
1038 948 1152 1012 caritas
1175 960 1232 1011 est.
1278 951 1438 1013 Caeterum

488 1070 579 1110 rarus
594 1047 740 1112 inventus
756 1049 850 1112 estin
867 1061 936 1112 toto
951 1048 1039 1111 exilii
1056 1049 1116 1112 mei
1139 1049 1369 1134 quinquennio,
1385 1049 1441 1133 qui

489 1148 566 1212 mihi
582 1149 735 1234 rependat
751 1148 871 1212 vicem:
904 1150 989 1212 unde
1005 1163 1035 1213 et
1055 1152 1156 1236 major
1179 1152 1283 1235 gratia
1299 1150 1444 1213 habenda

490 1261 537 1313 est
553 1250 685 1315 raritati.
728 1250 789 1313 Sed
806 1250 838 1312 in
854 1251 947 1335 cujus
963 1273 1040 1314 aure
1054 1251 1216 1335 querelam
1232 1254 1313 1316 banc
1328 1251 1443 1336 deponi

489 1350 645 1436 oportuit,
669 1350 728 1413 nisi
751 1351 863 1414 tuam?
897 1349 954 1433 qui
977 1362 1009 1413 et
1032 1349 1157 1413 dulcem
1180 1350 1379 1415 affectionem
1402 1350 1442 1413 ad

490 1451 692 1516 conviventes
703 1451 820 1515 habere
835 1449 1039 1535 dignosceris,
1050 1474 1184 1537 eamque
1197 1449 1358 1515 radicibus
1369 1450 1445 1514 fidei

493 1553 642 1617 solidasse
654 1553 685 1615 in
699 1554 849 1617 Domino.
874 1552 999 1636 Neque,
1011 1552 1099 1637 quod
1113 1556 1200 1617 Deus
1212 1566 1244 1616 et
1255 1553 1446 1617 conscientia

492 1654 591 1733 novit,
606 1652 736 1739 querela
751 1652 896 1738 deposita
910 1666 958 1717 est
974 1653 1015 1718 de
1031 1653 1149 1729 amida
1166 1666 1201 1717 ut
1222 1653 1334 1717 faciam
1358 1675 1445 1738 quae·

492 1768 589 1834 stum,
601 1755 677 1839 quia
689 1755 766 1818 mihi
778 1754 952 1817 necessaria
964 1756 1122 1820 ministrat
1133 1760 1222 1819 Deus
1231 1756 1271 1818 ad
1284 1755 1447 1820 abundan-

494 1861 588 1921 tiam:
614 1856 667 1920 sed
685 1857 761 1942 quia
773 1855 954 1941 jucundum
968 1856 1071 1920 visum
1084 1870 1131 1922 est
1141 1857 1168 1920 ei
1184 1855 1446 1940 ingratitudinem

491 1980 649 2043 exponere
670 1957 817 2036 aliorum,
831 1956 883 2019 cui
906 1958 1012 2019 omnia
1036 1957 1123 2043 loqui
1150 1959 1249 2042 possis
1270 1970 1304 2021 ut
1328 1970 1444 2021 tecum.

494 2061 567 2124 Hoc
582 2060 739 2123 duntaxat
753 2060 785 2121 in
802 2059 886 2122 calce
899 2058 1041 2140 exigitur
1055 2058 1241 2134 litterarum,
1255 2070 1292 2121 ut
1307 2058 1447 2121 caritatis

493 2160 651 2244 profectui
666 2159 786 2245 pariter
801 2158 1014 2235 intendamus,
1028 2173 1059 2222 et
1077 2181 1126 2221 me
1142 2182 1264 2243 semper
1279 2173 1311 2223 et
1324 2160 1445 2242 ubique

494 2273 622 2344 reputes
638 2272 740 2323 tuum.

588 2566 809 2630 EPISTOLA
832 2568 1359 2666 CCLXXVl.—nocncrn1nom.

859 2669 903 2748 [x.
921 2690 953 2732 u.
972 2670 1081 2749 lica]

800 2839 887 2903 Idem
903 2861 962 2903 suo
979 2842 1148 2924 Gaufrido.

522 3013 524 3016 -
540 2972 726 3036 Communis
739 2972 896 3037 Dominus
911 2987 1018 3038 noster
1032 2973 1243 3037 innocentiam
1258 2986 1344 3038 tuam
1361 2975 1448 3059 apud

497 3095 547 3136 me
569 3071 644 3134 satis
658 3071 798 3134 reddidit
821 3088 1016 3149 excusatam,
1033 3076 1092 3137 nisi
1116 3074 1193 3159 quia
1207 3098 1276 3138 eam
1298 3088 1371 3140 ante
1387 3098 1448 3138 non

497 3171 691 3239 credideram
704 3174 927 3235 excusandam.
958 3175 1009 3238 Ad
1026 3175 1103 3259 quid
1119 3176 1202 3238 enirn
1214 3178 1340 3262 proficit
1355 3202 1450 3242 excu-

497 3276 587 3351 satio,
604 3274 660 3338 ubi
682 3273 777 3360 culpa
800 3274 995 3360 praecessisse
1018 3298 1080 3339 non
1096 3277 1261 3341 creditur?
1293 3281 1376 3343 Nam
1392 3304 1451 3345 nec

495 3378 550 3442 ille
565 3401 661 3465 quern
685 3367 857 3440 delatorem
881 3364 976 3460 putas
991 3376 1051 3440 hoc
1073 3399 1167 3460 agere
1188 3391 1318 3444 conatus
1340 3394 1396 3457 est,
1415 3395 1451 3445 ut

499 3482 540 3546 de
556 3493 612 3544 tua
632 3479 801 3543 dilectione
822 3476 947 3564 aliquid
969 3477 1132 3542 sinistrum
1155 3480 1339 3564 suspicarer.
1379 3486 1452 3546 Hoc

497 3595 603 3646 autem
616 3580 715 3646 solum
731 3578 832 3643 habeo
843 3579 1013 3643 adversum
1030 3591 1072 3656 te,
1084 3580 1169 3666 quod
1186 3603 1235 3644 me
1247 3593 1336 3645 tanta
1351 3583 1450 3649 facili-

497 3696 563 3748 tate
577 3681 813 3768 corruptibilem
830 3681 1006 3759 credidisti,
1023 3682 1119 3748 immo
1141 3683 1237 3747 etiam
1253 3698 1449 3771 corruptum.

498 3785 669 3869 Numquid
695 3786 778 3846 enim
805 3797 977 3870 corruptus
1003 3808 1066 3850 non
1092 3799 1139 3850 est
1164 3786 1214 3852 cui
1241 3788 1451 3873 suggestionis

499 3887 639 3971 impetus
653 3883 774 3947 excutit
790 3887 979 3948 caritatem?
1004 3889 1074 3950 Aut
1090 3888 1116 3951 si
1131 3889 1214 3953 nosti
1230 3889 1363 3953 edissere
1378 3913 1453 3975 quae

498 3992 539 4053 sit
565 3987 728 4072 corruptio
751 3986 863 4070 major,
888 4008 986 4071 quam
1012 3987 1135 4050 avulsio
1161 3990 1310 4054 caritatis.
1357 3991 1451 4055 Certe

501 4112 591 4175 aeque
606 4084 814 4153 necessarium
834 4085 1011 4149 membrum
1028 4108 1085 4150 nec
1107 4087 1139 4150 in
1156 4090 1304 4154 membris
1327 4090 1450 4169 animae,

502 4215 559 4256 nec
575 4193 607 4255 in
622 4188 772 4254 membris
794 4186 936 4273 corporis
952 4187 1122 4254 invenitur.
1169 4190 1282 4255 Sedet
1309 4191 1376 4254 haec
1397 4204 1452 4257 tua

502 4293 596 4378 culpa
607 4290 785 4378 purgabilis
800 4302 861 4365 est,
874 4313 911 4352 eo
926 4289 1012 4374 quod
1029 4283 1131 4375 ipsum
1144 4292 1291 4375 genuisse
1303 4292 1390 4357 visus
1404 4306 1451 4356 est

500 4394 597 4469 aelus,
614 4393 728 4457 fovisse
751 4392 855 4471 timor,
870 4391 984 4455 amoris
1011 4414 1135 4477 semper
1157 4392 1324 4458 individua
1349 4415 1452 4458 comes
