3734 5484
501 822 565 881 ‘282
747 836 882 880 Josruus
898 834 1177 879 sannsnnnrnnsrs
1360 816 1403 894 [a.
1422 836 1454 878 n.

502 985 610 1049 sedem
634 984 841 1070 provinciales
855 984 995 1070 episcopi
1010 986 1050 1048 de
1066 1005 1154 1048 more
1177 994 1404 1060 convenerunt,
1421 994 1459 1047 ut

504 1111 542 1151 ex
560 1088 662 1152 officio
684 1111 741 1152 suo
763 1110 879 1151 munus
901 1086 1146 1151 consecrationis
1168 1109 1264 1173 quam
1288 1086 1459 1150 necessitas

503 1191 652 1275 exigebat
674 1191 848 1276 explerent.
897 1191 962 1254 Sed
989 1191 1065 1276 quia
1090 1190 1189 1254 hostis
1213 1190 1362 1276 antiquus
1385 1210 1459 1274 pro·

503 1294 600 1358 fectui
629 1293 752 1357 invidet
784 1292 973 1367 animarum,
1005 1314 1043 1356 eo
1073 1303 1109 1355 ut
1138 1291 1246 1356 multis
1276 1292 1377 1355 visum
1408 1302 1458 1355 est

502 1395 705 1460 machinante
730 1418 768 1459 ex
794 1395 954 1479 insperato
978 1394 1093 1458 litterae
1119 1395 1202 1478 regis
1222 1393 1357 1479 junioris
1381 1414 1458 1457 con-

503 1512 606 1584 ceptae
622 1498 760 1575 nomine,
777 1499 808 1561 in
826 1497 968 1561 medium
992 1496 1188 1581 prodierunt,
1204 1497 1320 1583 quibus
1335 1505 1460 1582 protes-

503 1600 631 1666 tabatur
646 1623 679 1665 se
695 1600 735 1664 ad
751 1611 886 1664 vestram
907 1599 1102 1663 audientiam
1119 1598 1293 1684 appellasse
1309 1598 1460 1661 adversus

503 1702 675 1766 electiones
695 1724 768 1788 quae
790 1724 882 1765 suum
903 1723 966 1764 non
990 1701 1172 1765 habuerunt
1192 1721 1363 1765 assensum.
1414 1698 1459 1763 Et

505 1805 580 1870 licet
601 1804 703 1869 literae
719 1827 759 1868 ex
775 1804 866 1867 variis
886 1804 1000 1881 causis,
1016 1825 1095 1890 quas
1115 1803 1302 1867 renunciare
1324 1804 1457 1885 longum

505 1919 563 1983 est,
587 1918 743 1992 suspectae
768 1906 965 1983 viderentur,
992 1919 1025 1969 et
1047 1906 1255 1992 plurimorum
1283 1918 1365 1969 esset
1387 1926 1461 1967 scn-

504 2008 604 2073 tentia
630 2031 683 2073 eas
708 2008 936 2072 consecrationi
962 2008 1081 2071 debitae
1105 2008 1282 2094 praesertim
1308 2006 1341 2070 in
1368 2016 1459 2069 tanta

506 2108 693 2172 necessitate
717 2132 779 2172 nou
800 2108 918 2172 debere
938 2130 1091 2191 generare
1114 2107 1328 2193 dispendium,
1348 2120 1458 2169 tamen

506 2211 663 2294 majestati
680 2221 792 2273 vestrae
807 2210 932 2273 censuit
947 2209 1080 2274 ecclesia
1095 2210 1316 2283 deferendum,
1329 2230 1459 2292 sperans

506 2312 724 2376 indubitanter
752 2312 837 2399 quod
875 2324 964 2376 tanto
997 2313 1084 2398 apud
1113 2311 1317 2398 apostolicam
1348 2310 1458 2374 sedem
1543 2336 1567 2358 :v

505 2414 659 2498 majorem
674 2413 817 2478 inveniet
837 2414 984 2497 gratiam,
999 2425 1119 2500 quanto
1141 2414 1171 2477 ei
1194 2414 1265 2499 plus
1283 2411 1407 2475 honoris
1424 2423 1458 2475 et

506 2517 694 2580 reverentias
709 2517 805 2580 etiam
821 2539 893 2579 cum
917 2516 1099 2580 discrimine
1115 2539 1171 2580 suo
1187 2518 1219 2580 in
1235 2529 1299 2580 tam
1317 2514 1459 2578 evidenti

506 2618 694 2683 necessitate
723 2618 845 2682 studuit
871 2618 1034 2682 humiliter
1059 2618 1223 2683 exhibere.
1271 2616 1357 2691 Quia
1382 2637 1459 2699 ergo

506 2719 734 2784 desolationem
746 2720 889 2784 ecclesiae
902 2721 1100 2806 praetendere
1111 2720 1195 2783 idem
1209 2730 1258 2784 est
1268 2742 1305 2783 ac
1320 2719 1346 2783 si
1361 2718 1461 2803 ipsius

507 2823 600 2887 ruina
622 2833 656 2887 et
681 2838 867 2887 caeterarum
900 2834 1054 2908 perpetua
1083 2821 1236 2886 desolatio
1261 2830 1459 2907 procuretur,

507 2925 633 3010 pietatis
643 2941 756 2989 vestrae
766 2925 900 3011 pedibus
910 2924 1066 3011 provoluti
1076 2923 1290 3009 supplicamus
1299 2922 1463 3003 attentius,

507 3027 657 3113 quatinus
681 3050 739 3092 nos
763 3042 795 3091 et
824 3027 1035 3111 anglicanam
1063 3025 1230 3090 ecclesiam
1257 3025 1382 3089 coelitus
1411 3028 1463 3107 (ur

506 3150 577 3212 spes
602 3135 660 3211 est)
687 3129 790 3192 electo
816 3141 940 3213 pastore
966 3129 1106 3213 gaudere
1133 3127 1264 3204 faciatis,
1288 3140 1321 3190 et
1350 3137 1459 3191 sancto

509 3228 646 3292 Thomae
670 3228 868 3293 substituatis
889 3229 1004 3308 virum,
1028 3251 1125 3315 quem
1155 3229 1186 3308 in
1218 3228 1369 3312 angustiis
1396 3228 1461 3309 suis

506 3330 636 3395 fidelem
658 3344 806 3418 expertus
828 3339 886 3397 est.
933 3330 1089 3394 Moveant
1104 3353 1168 3407 vos,
1192 3342 1293 3417 pater,
1314 3330 1458 3394 ecclesiae

506 3432 679 3498 laborantis
694 3433 861 3518 angustias,
877 3432 1013 3497 filiorum
1036 3446 1186 3497 moveant
1200 3455 1320 3518 preces,
1336 3443 1462 3495 moveat

506 3557 561 3601 vos
574 3535 788 3619 gloriosissimi
803 3534 949 3621 martyris
963 3536 1150 3610 reverentia,
1166 3558 1263 3622 quem
1279 3557 1368 3599 orare
1385 3555 1462 3598 con·

506 3636 645 3713 fidimus,
656 3646 691 3700 ut
705 3636 735 3700 ei
749 3636 783 3700 in
798 3650 906 3702 sancta
918 3637 1140 3702 Cautuariensi
1152 3636 1286 3701 ecclesia
1301 3658 1462 3702 successor

507 3738 640 3802 idoneus
655 3738 851 3823 subrogetur.

585 3976 807 4040 EPISTOLA
830 3976 1248 4041 CCCXIX.-Pa1orr1sar
1265 3996 1361 4041 com.

662 4095 825 4141 carrusa.
841 4096 885 4139 an
900 4094 1054 4138 annnam.
1089 4078 1131 4155 [A.
1144 4095 1175 4141 n.
1196 4078 1303 4157 lita]

555 4212 694 4275 Domino
705 4232 800 4294 pope
812 4215 905 4294 prior
923 4213 1172 4276 Contumdemr's
1186 4221 1218 4274 et
1232 4220 1414 4274 conventus.

552 4331 621 4392 Eos
637 4328 727 4392 vobis
749 4328 889 4391 securius
912 4327 1179 4407 commendamus,
1202 4350 1284 4412 quos
1306 4326 1459 4389 sincerius

507 4427 682 4511 diligimus,
705 4442 735 4492 et
759 4452 840 4513 quos
862 4429 903 4492 ad
931 4441 1068 4492 sanctam
1095 4429 1271 4492 Romanam
1295 4428 1456 4491 ecclesiam
