3734 5484
508 766 571 825 226
769 774 906 820 Joauurs
922 774 1202 819 sanusnsnrsusrs
1378 753 1422 832 [s.
1434 774 1470 817 n.

513 929 627 1010 Longe
641 927 755 990 melius
775 939 823 990 est
846 925 983 989 incidere
1006 924 1037 988 in
1061 947 1172 989 manus
1186 922 1352 988 bominum
1369 944 1470 1007 quam

513 1030 731 1114 derelinquere
754 1030 855 1115 legem
879 1029 951 1092 Dei.
997 1028 1147 1093 Alterum
1171 1026 1255 1091 enim
1277 1046 1400 1110 semper
1414 1048 1471 1109 ge·

513 1131 648 1194 hennam
675 1131 801 1214 ingerit.
854 1130 1004 1194 Alterum
1033 1131 1083 1193 via
1107 1142 1155 1193 est
1184 1128 1225 1193 ad
1251 1149 1411 1203 coronam,
1437 1139 1472 1191 et

513 1243 682 1317 perpetuat
694 1229 836 1314 gloriam.
876 1232 959 1294 Nam
976 1231 1032 1317 qui
1045 1231 1327 1317 persequutionem
1339 1238 1472 1314 propter

509 1331 669 1419 justitiam
685 1331 864 1416 patiuntur,
881 1332 966 1396 beati
983 1346 1072 1395 sunt:
1099 1332 1248 1416 quoniam
1265 1353 1347 1416 quos
1361 1350 1471 1414 pugna

513 1447 642 1519 purgat,
658 1434 772 1519 probat
788 1448 819 1497 et
834 1434 984 1508 illustrat,
999 1434 1071 1497 finis
1093 1456 1210 1518 pugnae
1224 1432 1291 1496 sine
1305 1432 1368 1495 fine
1381 1451 1469 1494 coro-

510 1549 580 1606 nat.
599 1535 755 1599 Satbanas
763 1548 869 1600 autern
878 1535 1015 1622 amplius
1023 1538 1124 1611 saerit,
1134 1557 1235 1620 quum
1247 1530 1470 1597 exterminium

514 1661 607 1703 suum
625 1637 712 1701 videt
727 1638 910 1701 accelerari:
937 1650 969 1701 et
984 1638 1040 1700 illa
1054 1660 1129 1723 pars
1142 1636 1267 1721 hyemis
1282 1633 1395 1699 tetrior
1408 1644 1468 1709 est,

514 1763 588 1825 quae
603 1740 686 1802 veris
701 1738 893 1803 imminentis
913 1738 1066 1824 praecedit
1086 1740 1312 1800 amoenitatem.
1357 1736 1470 1799 Histo-

512 1842 576 1904 rias
597 1840 726 1924 replica,
749 1853 957 1925 tyrannorum
981 1853 1071 1924 gesta
1094 1838 1231 1911 revolve,
1251 1855 1284 1903 et
1305 1837 1400 1922 plane
1422 1858 1470 1901 re-

512 1942 616 2027 peries
637 1940 668 2003 in
692 1941 846 2023 pressuris
866 1963 990 2027 semper
1011 1940 1177 2005 dilatatam
1197 1962 1264 2003 esse
1285 1938 1466 2003 ecclesiam:

512 2056 544 2108 et
581 2042 669 2127 quod
703 2042 912 2128 persequutio
947 2055 1068 2125 quanto
1102 2042 1238 2107 atrocior
1274 2051 1341 2104 erat
1378 2051 1469 2104 tanto

512 2145 607 2208 citius
640 2144 822 2208 sedabatur.
882 2147 1003 2227 Regem
1038 2156 1144 2208 antem
1183 2156 1247 2207 tam
1281 2142 1323 2206 ab
1359 2138 1469 2205 amicis

513 2266 609 2329 quam
640 2245 681 2307 ab
713 2244 783 2308 aliis
814 2244 939 2308 nunciis
969 2244 1025 2329 qui
1059 2245 1282 2330 praemiserunt
1310 2245 1398 2323 istos,
1431 2255 1470 2307 ut

511 2343 770 2429 praemuniretur,
798 2343 1020 2407 indubitanter
1050 2344 1261 2429 significatum
1290 2360 1349 2423 est,
1378 2342 1466 2429 quod

511 2445 572 2509 nisi
588 2444 683 2508 citius
697 2467 769 2508 cum
785 2443 915 2507 ecclesia
927 2444 1038 2508 fecerit
1053 2467 1174 2529 pacem,
1190 2444 1364 2508 secundum
1378 2442 1469 2529 quod

510 2547 550 2610 ad
567 2547 755 2631 petitionem
772 2568 859 2610 suam
875 2545 1024 2610 dominus
1041 2568 1125 2632 papa
1140 2545 1345 2632 praeseripsit,
1360 2558 1392 2609 et
1406 2545 1469 2608 hoc

510 2648 595 2712 infra
623 2648 770 2713 calendas
797 2647 888 2723 Maii,
913 2670 954 2709 ex
984 2659 1059 2711 tunc
1090 2646 1176 2711 nulla
1201 2646 1323 2711 ratione
1346 2644 1468 2710 differri

510 2748 641 2835 poterit,
656 2747 733 2834 quin
751 2747 781 2809 in
798 2767 963 2829 personam
985 2746 1055 2829 ejus
1075 2758 1106 2810 et
1129 2758 1246 2809 terram
1267 2746 1466 2811 cismarinam

509 2862 542 2913 et
571 2847 813 2914 transmarinam
838 2845 1050 2910 ecclesiastica
1085 2847 1236 2910 severitas
1270 2858 1465 2911 exerceatur.

511 2952 557 3013 Et
583 2950 642 3013 hoc
668 2950 799 3033 quidem
829 2949 968 3012 arbitror
998 2948 1073 3013 huic
1099 2947 1346 3027 exacerbationi,
1366 2969 1466 3032 quam

509 3054 601 3114 Deus
624 3063 760 3125 mature,
788 3062 882 3132 prout
914 3050 1053 3113 ecclesiae
1078 3050 1166 3114 novit
1193 3049 1357 3135 expedire,
1379 3070 1466 3113 com-

510 3161 629 3234 pescat,
652 3148 776 3211 dedisse
799 3150 965 3233 originem,
981 3153 1228 3235 procurantibus
1249 3151 1392 3216 fomitem
1414 3172 1466 3213 ar·

509 3250 593 3314 doris
608 3263 641 3313 et
655 3247 804 3324 incendii,
818 3272 929 3312 causas
939 3251 1064 3334 jugiter
1080 3252 1328 3337 subrogantibus
1343 3250 1392 3315 his
1406 3253 1465 3335 qui

508 3349 646 3414 oderunt
676 3373 804 3436 pacem:
838 3360 869 3411 et
895 3348 1001 3413 sciunt
1032 3374 1063 3413 se
1095 3374 1167 3415 cum
1194 3364 1359 3437 perpetuae
1388 3360 1466 3413 nota

507 3453 647 3517 infamiae
667 3453 794 3517 futuros
814 3451 1037 3515 detestandum
1059 3453 1236 3518 schismatis
1250 3465 1282 3518 et
1297 3454 1464 3538 apostasiae

508 3555 701 3641 exemplum.
747 3555 849 3618 Lator
870 3555 1088 3641 praesentium,
1111 3556 1136 3619 si
1160 3555 1218 3619 tibi
1241 3556 1344 3619 visum
1367 3552 1464 3619 fuerit

511 3671 546 3719 ut
561 3679 634 3720 eum
659 3656 820 3737 admittas,
835 3656 929 3742 plura
950 3658 1125 3743 supplebit.
1171 3659 1279 3734 Quum
1300 3654 1463 3733 redierint,

508 3778 646 3839 quorum
673 3757 703 3818 in
727 3756 817 3819 brevi
840 3771 987 3840 speratur
1009 3758 1177 3832 adventus,
1200 3756 1366 3822 referenda
1386 3779 1461 3841 quac

508 3854 689 3918 emerserint
713 3855 772 3917 tibi
801 3857 872 3917 Deo
897 3857 1091 3940 propitiante
1118 3860 1253 3924 scribere
1275 3881 1336 3922 non
1363 3857 1462 3944 pigri·

508 3955 617 4020 tabor:
639 3969 673 4020 et
695 3956 814 4020 utinam
836 3979 885 4019 me
907 3956 948 4019 de
968 3971 1054 4021 statu
1078 3972 1145 4039 tuo,
1160 3985 1256 4045 quem
1280 3964 1370 4025 Deus
1392 3982 1462 4025 suc-

506 4060 645 4123 cessibus
659 4057 801 4143 impleat,
818 4070 941 4121 mature
957 4059 1118 4123 certiorari
1134 4062 1307 4148 contingat.
