3734 5484
450 813 513 870 266
697 822 833 867 Jonxuts
848 819 1129 864 ssussunrunusrs
1306 800 1357 880 [A.
1374 820 1409 863 n·

454 975 557 1054 Ioniis,
578 996 651 1059 quae
681 973 787 1035 clausa
816 971 996 1047 tenebatur,
1023 971 1189 1033 veritatem
1223 968 1347 1042 eduxit,
1378 987 1414 1035 et

452 1076 600 1163 squalore
623 1074 757 1137 carceris
780 1073 906 1136 deterso
920 1071 1051 1135 liberam
1077 1074 1110 1135 in
1132 1071 1296 1158 publicum
1321 1071 1411 1135 exire

453 1178 615 1264 praecepit.
653 1177 734 1253 Quae
750 1175 843 1237 simul
859 1198 896 1238 ac
912 1198 980 1238 suae
996 1174 1124 1238 reddita
1138 1187 1186 1238 est
1201 1173 1352 1248 libertati,
1367 1174 1412 1237 ad

454 1300 504 1340 me
525 1277 677 1341 velociter
698 1275 877 1339 advolavit:
909 1290 942 1338 et
960 1276 992 1339 in
1016 1275 1185 1360 praesentia
1205 1274 1410 1338 dominorum

453 1380 494 1442 R.
511 1378 790 1463 Rothomagensis,
805 1391 837 1439 et
860 1399 972 1440 eorum
988 1399 1070 1461 quos
1089 1376 1256 1461 episcopus
1279 1376 1413 1439 Ambia-

452 1481 557 1543 nensis
572 1479 783 1561 delegaverat,
798 1477 917 1563 quibus
936 1478 1100 1562 negotium
1122 1500 1226 1542 meum
1243 1475 1409 1539 adomino

451 1601 536 1664 papa
544 1578 742 1643 commissum
754 1591 836 1643 erat:
860 1596 989 1640 necnon
1002 1589 1035 1639 et
1044 1576 1181 1662 episcopi
1194 1576 1410 1658 Ebroioensis,

455 1682 696 1765 multorumque
718 1678 936 1763 religiosorum
953 1692 1016 1741 tam
1038 1678 1190 1741 abbatum
1215 1700 1310 1763 quam
1327 1676 1413 1763 prio-

455 1805 524 1847 rum
537 1805 556 1844 a
567 1782 689 1845 dextris
704 1781 781 1844 mibi
798 1779 867 1843 luce
881 1779 1031 1865 liquidior
1044 1779 1158 1844 adstat.
1184 1781 1286 1865 Cujus
1297 1779 1412 1843 facicm

454 1905 582 1969 gravem
598 1896 630 1945 et
653 1882 829 1966 fulgentem
852 1881 1000 1967 praedicti
1019 1880 1274 1965 archiepiscopus
1296 1892 1329 1942 et
1351 1878 1413 1942 viri

455 1985 591 2067 religiosi
616 2008 635 2046 a
660 1984 789 2047 domino
815 1984 1019 2047 Ambianensi
1046 1981 1208 2058 destinati,
1238 1982 1412 2057 intuentes,

455 2085 557 2169 gavisi
573 2099 645 2147 sunt
668 2087 788 2168 gaudio
811 2108 927 2169 magno
949 2084 1059 2148 valde:
1090 2097 1123 2148 et
1145 2083 1264 2148 nnllam
1288 2103 1410 2145 moram

455 2186 645 2249 sustinentes
666 2188 763 2269 juxta
790 2187 923 2248 formam
954 2209 1051 2270 quam
1081 2185 1127 2248 eis
1151 2184 1301 2247 dominus
1326 2204 1413 2268 papa

455 2287 702 2371 praescripserat,
712 2286 918 2350 incontinenti
929 2287 1271 2372 measuspicionequa
1282 2285 1414 2349 tenebar

456 2386 673 2461 absolverunt,
708 2387 864 2451 universis
894 2389 947 2473 qui
985 2388 1116 2451 aderant
1152 2385 1414 2449 benedicentibus

457 2489 632 2554 Dominum
659 2489 714 2573 qui
743 2490 895 2573 superbos
920 2490 1081 2566 humiliat,
1106 2489 1164 2573 qui
1194 2488 1351 2573 sapientes
1377 2487 1412 2548 in

454 2589 572 2653 astutia
597 2611 654 2652 sua
682 2590 933 2675 comprehendit,
960 2593 1017 2675 qui
1043 2590 1084 2652 de
1110 2588 1324 2652 misericordia
1352 2610 1412 2649 sun

456 2705 684 2778 praesumentes
704 2692 828 2768 liberat,
843 2707 875 2755 et
891 2693 1014 2755 vinctos
1034 2690 1142 2754 educit
1160 2692 1195 2753 in
1210 2689 1412 2754 fortitudine.

458 2792 522 2879 Ipsi
534 2792 637 2877 gloria
651 2806 682 2856 et
694 2807 822 2858 nuncet
834 2816 891 2877 per
901 2792 1092 2856 immortalia
1104 2792 1209 2857 secula
1220 2791 1411 2855 seculorum.

457 2900 569 2958 Amen.
601 2894 730 2956 Veniam
742 2910 848 2958 autem
862 2894 902 2956 ad
919 2917 975 2956 vos
987 2897 1057 2958 Deo
1069 2893 1193 2957 volente
1208 2894 1240 2956 in
1254 2890 1413 2977 proximo,

458 3010 495 3058 ut
520 2994 675 3077 gaudium
701 3017 806 3058 meum
833 2995 866 3057 in
893 2995 983 3059 vobis
1008 2995 1190 3080 impleatur.
1239 2997 1329 3067 Quos
1354 3014 1416 3075 ego

457 3092 660 3176 ultraquam
682 3093 744 3155 dici
767 3095 867 3176 possit
891 3094 999 3157 videre
1024 3093 1178 3157 desidero.
1225 3090 1413 3155 Benedictio

459 3193 521 3257 Dei
544 3192 648 3256 Patris
669 3207 701 3257 et
719 3193 792 3256 Filii
806 3209 838 3257 et
861 3197 1000 3277 Spiritus
1015 3194 1114 3258 sancti
1129 3192 1299 3257 descendat
1315 3213 1413 3276 super

457 3317 514 3359 vos
529 3318 588 3380 pro
603 3294 693 3358 nobis
707 3308 842 3359 orantes.
887 3297 973 3357 Acta
989 3309 1064 3359 sunt
1086 3294 1153 3358 haec
1178 3292 1316 3357 secunda
1334 3291 1416 3356 feria

458 3410 530 3482 post
561 3397 759 3461 Dominicam
785 3420 851 3482 qna
880 3409 1040 3474 cantatur,
1069 3396 1228 3472 Gaudete,
1256 3394 1306 3458 die
1331 3393 1414 3457 festo

460 3512 578 3563 sanctae
594 3497 702 3563 Luciae
717 3499 803 3585 apud
818 3496 1043 3563 Albamarlam.

458 3784 681 3846 EPISTOLA
703 3785 1190 3849 CCCVIII.—nnun1ornnnrs
1205 3804 1249 3847 an
1265 3800 1414 3846 neareo-

610 3902 764 3947 noueuu
780 3905 878 3948 exon.
895 3906 1000 3949 nmso.
1045 3892 1091 3964 [A.
1109 3908 1138 3951 n.
1160 3886 1267 3965 1171]

459 4066 624 4129 Henrz'cus
643 4064 717 4127 Rea
737 4064 870 4145 Angliae
884 4072 915 4127 et
936 4064 1019 4128 Dua
1035 4066 1195 4130 Normon.
1212 4073 1242 4130 et
1259 4066 1367 4148 Aqult.
1383 4072 1415 4128 et

495 4168 605 4231 Comes
618 4164 783 4246 Andegoo.
799 4165 840 4228 B.
857 4166 1041 4230 annlensl
1056 4169 1215 4250 Episcopo
1229 4170 1374 4231 sulutem,

502 4299 632 4362 Soteris
657 4296 743 4382 quod
766 4300 903 4362 concessi
926 4322 1035 4384 pacem
1060 4322 1161 4363 meam
1183 4299 1332 4363 omnibus
1352 4295 1410 4383 qui

459 4397 604 4461 exierunt
620 4397 660 4460 de
683 4400 797 4483 Anglia
817 4414 949 4485 propter
965 4401 1122 4465 Thomam
1142 4403 1294 4465 Cantuar.
1311 4398 1412 4464 archi·
