3734 5484
522 790 584 848 956
782 798 917 843 Jonruus
934 795 1214 842 asnasuunruusrs
1383 776 1427 857 [s.
1448 797 1483 840 u.

525 950 644 1017 Christi
668 948 918 1023 crucifixoribus,
942 947 998 1033 qui
1021 948 1091 1032 ejus
1114 968 1218 1022 crura,
1239 968 1336 1033 quem
1358 946 1482 1011 obiisse

513 1052 680 1125 -viderant,
696 1050 778 1114 sicut
793 1048 899 1112 adhuc
923 1047 1109 1126 viventium,
1123 1067 1185 1110 non
1204 1057 1395 1113 censuerunt
1411 1068 1484 1110 esse

523 1151 708 1238 frangenda.
755 1150 817 1214 Sed
840 1150 872 1213 iu
896 1148 945 1212 his
967 1148 1117 1214 omuibus
1142 1148 1339 1214 cruciatibus
1365 1146 1480 1212 invicti

523 1255 619 1319 animi
638 1267 671 1319 et
692 1251 889 1316 admirandae
910 1250 1097 1314 constantiae
1119 1263 1243 1337 martyr
1264 1274 1322 1315 nec
1345 1248 1479 1314 verbum

523 1356 671 1444 protulit,
692 1377 749 1419 nec
775 1353 942 1418 clamorem
966 1352 1082 1432 emisit,
1105 1373 1163 1416 uec
1184 1352 1286 1418 edidit
1310 1350 1480 1435 gemitum,

523 1482 581 1523 nec
596 1457 759 1522 brachium
775 1468 832 1520 aut
847 1467 966 1518 vestem
983 1456 1133 1540 opposuit
1155 1453 1295 1531 ferienti,
1310 1452 1365 1519 sed
1380 1465 1480 1537 caput

523 1561 618 1626 inolin
628 1557 813 1645 itum,quod
821 1558 937 1642 gladiis
945 1556 1273 1643 exposuerat,virtute
1282 1555 1481 1632 admiranda,

525 1664 626 1728 donec
642 1674 927 1737 consummaretur,
943 1660 1071 1725 tenebat
1093 1659 1277 1725 immobile:
1301 1672 1333 1724 et
1349 1657 1480 1723 tandem

524 1767 556 1830 in
571 1779 687 1829 terram
710 1763 878 1849 procidens
899 1774 987 1828 recto
1009 1782 1141 1846 corpore
1162 1784 1225 1825 uon
1243 1761 1358 1849 pedem
1376 1760 1480 1823 movit

524 1880 582 1932 aut
596 1888 737 1929 manum.

568 1966 740 2033 Carnifices
755 1977 874 2045 autem,
889 1988 951 2028 non
968 1966 1072 2030 minus
1086 1963 1194 2051 cupidi
1210 1986 1306 2050 quam
1323 1962 1482 2038 crudeles,

524 2066 599 2131 inde
616 2079 679 2130 tam
703 2066 734 2128 in
759 2066 855 2151 regiae
870 2066 1035 2150 potestatis
1055 2088 1151 2152 quam
1175 2064 1292 2131 divinae
1307 2061 1483 2151 majestatis

523 2168 673 2251 injuriam
695 2165 735 2227 ad
758 2165 896 2228 ecclesiae
918 2164 1073 2250 palatium
1097 2166 1275 2243 redeuntes,
1299 2167 1481 2249 universam

522 2266 750 2353 supellectilem
766 2278 798 2329 et
814 2266 968 2351 quicquid
984 2266 1016 2329 in
1032 2268 1158 2332 scriniis
1169 2283 1226 2334 aut
1236 2267 1361 2333 clitellis
1374 2265 1480 2331 archi-

523 2366 663 2455 episcopi
678 2380 711 2431 et
727 2390 855 2431 suorum
878 2368 986 2453 potuit
1000 2369 1146 2444 inveniri,
1167 2370 1232 2433 sive
1246 2370 1278 2434 iu
1299 2393 1388 2445 auro,
1412 2368 1479 2432 sive

525 2472 556 2535 in
579 2486 722 2555 argento,
747 2483 804 2534 aut
825 2470 969 2534 vestibus
991 2485 1047 2536 aut
1069 2473 1164 2536 variis
1186 2470 1388 2545 ornamentis,
1418 2482 1478 2534 aut

525 2574 626 2653 libris,
641 2585 698 2636 aut
713 2571 899 2658 privilegiis,
914 2587 972 2638 aut
987 2574 1056 2639 aliis
1070 2575 1329 2661 quibuscumque
1338 2572 1477 2660 scriptiS,

526 2686 583 2740 aut
597 2672 800 2761 equitaturis,
821 2673 993 2739 insatiabili
1015 2676 1149 2740 avaritia
1163 2688 1196 2740 et
1216 2675 1375 2762 stupendo
1396 2696 1479 2738 ausu

526 2777 720 2862 diripientes,
744 2798 793 2852 ea,
809 2788 846 2839 ut
869 2775 976 2853 libuit,
999 2776 1083 2841 inter
1098 2798 1130 2839 se
1152 2776 1351 2842 diviserunt:
1373 2774 1480 2840 imita-

526 2894 609 2944 tores
624 2900 733 2941 eorum
749 2877 826 2942 facti
841 2882 897 2963 qui
912 2877 996 2943 inter
1015 2902 1048 2942 se
1063 2878 1184 2945 Christi
1204 2881 1391 2945 vestimenta
1405 2900 1480 2963 par·

526 2981 577 3045 titi
595 2992 686 3043 sunt:
712 2979 784 3043 licet
800 3003 853 3043 eos
868 2980 1106 3065 quodammodo
1116 2981 1296 3066 praecedant
1307 2982 1340 3045 in
1353 2981 1479 3046 scelere.

526 3085 583 3155 Et,
596 3093 632 3143 ut
643 3079 783 3164 pontifici
795 3081 864 3163 jam
876 3104 933 3166 per
950 3083 1136 3168 martyrium
1152 3095 1301 3149 coronato
1312 3082 1480 3148 hominum

525 3180 629 3268 gratia
644 3180 834 3254 auferretur,
850 3185 956 3246 omnia
969 3186 1086 3271 scripta
1101 3209 1175 3271 quae
1188 3185 1358 3271 sacrilegus
1367 3184 1481 3271 praedo

527 3283 693 3370 surripuit,
708 3282 748 3346 ad
764 3305 871 3368 regem
886 3283 919 3347 in
936 3288 1165 3350 Normanniam
1187 3288 1368 3353 transmissa
1391 3299 1477 3352 sunt.

528 3387 590 3451 Sed
607 3399 689 3451 nutu
705 3384 813 3449 divino
828 3385 960 3470 contigit
976 3387 1072 3471 quod,
1097 3402 1219 3474 quanto
1234 3390 1334 3477 magia
1348 3389 1480 3456 athletae

526 3489 689 3555 fortissimi
712 3488 844 3574 gloriam
859 3490 1015 3554 offuscare
1036 3492 1200 3557 nitebatur
1222 3491 1360 3558 humana
1381 3508 1482 3560 terne-

527 3593 614 3672 ritas,
637 3603 727 3656 tanto
748 3615 818 3656 earn
838 3592 976 3678 amplius
999 3594 1157 3659 Dominus
1177 3594 1350 3661 illustraret
1372 3608 1480 3661 osteu-

527 3693 612 3756 sioue
642 3693 781 3772 virtutis,
810 3706 843 3759 et
880 3694 1103 3761 miraculorum
1138 3696 1312 3762 manifestis
1340 3697 1476 3763 indiciis.

526 3794 620 3871 Quod
650 3793 709 3856 viri
733 3793 834 3879 impii,
857 3796 914 3879 qui
936 3819 1011 3859 eum
1031 3796 1253 3861 insatiabiliter
1273 3797 1406 3863 oderant
1431 3798 1479 3863 iu·

525 3906 662 3969 tuentes,
691 3892 898 3959 inhibuerunt
922 3896 1048 3960 nomine
1069 3898 1209 3983 publicae
1236 3903 1416 3985 potestatis,
1438 3923 1479 3966 ne

525 3996 677 4065 miracula
687 4019 761 4083 quae
770 3996 888 4061 fiebant
902 3996 1069 4084 quisquam
1082 4001 1248 4084 publicare
1258 4017 1478 4090 praesumeret.

527 4103 700 4176 Caeterum,
729 4098 849 4163 frustra
874 4098 949 4184 quis
973 4099 1161 4166 obnubilare
1190 4102 1360 4180 desiderat,
1387 4104 1478 4190 quod

525 4207 615 4267 Deus
633 4200 803 4266 clarificare
819 4200 969 4286 disponit.
1014 4203 1066 4266 Eo
1087 4207 1171 4270 euim
1192 4206 1329 4292 amplius
1352 4230 1476 4293 percre-

525 4303 623 4369 buere
634 4305 799 4382 miracula,
808 4328 873 4390 quo
885 4304 1074 4371 videbantur
1083 4306 1188 4394 impiis
1199 4309 1360 4375 studiosus
1371 4308 1479 4374 occul-

526 4403 631 4469 tanda.
678 4409 786 4469 Homo
803 4405 885 4470 ridet
901 4408 932 4470 iu
949 4406 1039 4485 facie,
1057 4408 1142 4473 solus
1154 4414 1244 4475 Deus
1255 4423 1302 4476 est
1318 4412 1374 4497 qui
1387 4392 1492 4475 renes
