3734 5484
464 797 525 855 lto
719 807 855 851 scaurus
871 806 1150 852 saansnnrumvsrs
1315 790 1361 868 [a.
1381 808 1412 851 n.

463 960 583 1025 mundo
604 957 723 1043 praebet
744 957 936 1044 exemplum.
982 957 1082 1039 Agite
1101 957 1209 1034 etiam,
1233 973 1270 1020 ut
1293 955 1416 1019 Ebora-

428 1129 433 1139 ,
462 1061 546 1124 censi
575 1059 811 1145 archiepiscopo
844 1059 1062 1145 praecipiatur,
1090 1070 1248 1144 quatenus
1276 1057 1414 1121 ecclesiae

463 1161 695 1239 Cautuariensi,
721 1182 793 1243 quae
820 1172 867 1224 tot
892 1172 924 1222 et
950 1159 1048 1223 tantis
1072 1159 1331 1243 oppressionibus
1357 1156 1413 1220 diu

462 1258 565 1323 fracta
579 1272 638 1337 est,
653 1258 866 1322 obedientiam
882 1272 915 1322 et
931 1256 1160 1342 subjectionem
1176 1258 1336 1323 exhibeat.

461 1446 683 1509 EPISTOLA
711 1445 1415 1510 ccxnv11.-snw1mamuuannuam
1453 1510 1457 1520 ¹

538 1566 756 1610 sunemoanu
772 1562 1067 1609 caurusatsusmu.
1115 1544 1161 1623 [s.
1178 1564 1209 1606 n.
1228 1544 1337 1623 llos]

464 1688 535 1751 Suo
550 1686 683 1748 Brltcai
704 1688 880 1747 amicorum
899 1703 1032 1746 suorum
1052 1684 1207 1745 minimus
1224 1684 1370 1760 salutem,
1384 1688 1415 1744 et

542 1788 605 1849 Dei
616 1806 728 1865 gerere
741 1785 909 1848 salubriter
923 1786 1091 1866 insutum
1103 1785 1340 1865 prescriptum.

503 1896 656 1956 Anninus
679 1892 737 1956 tibi
759 1892 921 1955 molestam
948 1913 1089 1955 mearum
1112 1913 1178 1953 esse
1200 1890 1413 1977 frequentiam

460 1993 635 2072 literarum,
650 1993 807 2057 calamum
822 1992 878 2056 diu
898 1992 1059 2077 suspendi,
1075 1993 1342 2077 decreveramque
1364 2017 1414 2056 me

459 2118 524 2160 non
539 2094 624 2159 ultra
639 2116 794 2158 novorum
807 2093 1011 2157 relationibus
1024 2106 1111 2158 tuam
1122 2094 1310 2177 perturbare
1324 2095 1413 2178 quie-

459 2212 535 2260 tem.
581 2195 643 2259 Sed
660 2206 842 2280 quamtum
858 2217 898 2257 ex
914 2194 1066 2257 relatione
1083 2193 1210 2257 Osberti
1226 2196 1299 2271 mei,
1315 2218 1410 2279 quam

458 2319 497 2359 ex
522 2295 725 2361 attestatione
747 2296 857 2359 latoris
880 2292 1085 2379 praesentium
1111 2316 1161 2356 me
1183 2293 1263 2357 falsa
1283 2318 1413 2379 sugges·

458 2398 543 2462 tione
572 2400 824 2462 circumventum
854 2394 953 2460 fuisse
983 2396 1196 2481 cognoverim,
1222 2418 1293 2459 ecce
1322 2411 1413 2461 muto

459 2498 671 2586 propositum,
688 2500 866 2582 scripturus
880 2496 920 2559 de
936 2510 1051 2560 caetero
1067 2518 1167 2581 quum
1183 2496 1281 2561 fuerit
1296 2520 1412 2583 oppor-

457 2613 585 2677 tunum,
601 2624 638 2664 ea
653 2613 758 2665 tamen
774 2599 1000 2677 moderatione,
1011 2610 1049 2662 ut
1064 2621 1103 2661 ex
1118 2597 1298 2682 frequentia
1314 2598 1412 2684 scrip-

457 2701 573 2766 titandi
587 2702 684 2766 nimia
698 2701 852 2765 molestus
866 2723 932 2763 esse
947 2721 1009 2762 nou
1025 2699 1168 2763 debeam.
1200 2699 1312 2783 Neque
1327 2698 1410 2762 enim

457 2825 507 2865 me
530 2802 687 2866 scribendi
713 2802 877 2865 cacoethes
903 2800 947 2863 sic
972 2798 1174 2885 impatienter
1194 2798 1347 2883 exagitat,
1375 2812 1411 2862 ut

456 2901 612 2964 wamum
626 2924 780 2983 nequeam
795 2900 968 2975 continere,
981 2897 1034 2962 sed
1050 2898 1192 2982 ingeram
1207 2898 1315 2962 invitis
1326 2901 1409 2962 auri·

457 3000 528 3079 bus,
543 3002 630 3083 quod
645 3001 831 3063 fastidiosus
846 3001 976 3064 auditor
991 3000 1031 3063 de
1046 3003 1162 3063 rimoso
1177 3012 1305 3085 pectore
1322 3002 1410 3085 juste

457 3099 636 3180 suspicetur
651 3094 797 3158 effusum.
841 3100 893 3159 Tu
914 3119 1001 3171 vero,
1017 3111 1114 3181 prout
1130 3122 1169 3161 ex
1192 3098 1322 3163 caritate
1337 3121 1410 3184 pro·

456 3190 588 3259 deuutia
602 3192 721 3277 scripta
735 3194 901 3277 receperis,
917 3206 974 3256 aut
995 3195 1112 3278 stylum
1129 3197 1313 3274 refrenabis,
1328 3198 1410 3262 iutra

455 3318 536 3381 quos
551 3293 776 3358 moderationis
796 3292 911 3355 limites
927 3292 1025 3366 voles,
1041 3308 1098 3357 aut
1116 3294 1189 3357 fidei
1207 3309 1238 3358 et
1261 3298 1408 3362 amicitiae

456 3397 593 3461 stimulis
622 3395 770 3460 affectum
801 3392 963 3478 diligentis
993 3394 1089 3455 etiam
1119 3416 1184 3456 non
1214 3383 1347 3460 amantis
1376 3401 1409 3461 in

454 3498 552 3563 verba
567 3521 659 3583 coges
674 3518 848 3583 erumpere.
893 3498 976 3560 Nam
999 3504 1116 3557 uttam
1136 3516 1323 3579 veroquam
1341 3497 1410 3560 vul-

452 3610 530 3681 gato
544 3598 714 3683 proverbio
738 3597 850 3660 tritum
867 3607 933 3658 est:
959 3593 1108 3658 Probalio
1122 3596 1310 3674 dilectionis,
1325 3598 1410 3660 eall

453 3698 530 3760 litto
544 3706 592 3761 est
605 3701 717 3779 operis.
763 3696 826 3761 Sed
844 3718 955 3759 vereor
970 3718 1009 3759 ne
1029 3694 1176 3780 praesenti
1192 3694 1311 3780 scripto
1331 3696 1408 3760 mihi

452 3796 617 3879 proveniat
634 3796 721 3879 quod
734 3794 895 3869 cavebam,
908 3795 1077 3859 scilicetne
1088 3818 1160 3859 vera
1172 3795 1408 3875 dicenuamicis

452 3894 576 3957 aurium
601 3895 814 3958 teneritudine
837 3894 1068 3972 laborantibus,
1089 3897 1262 3962 eorundem
1280 3900 1408 3984 jactura

452 3994 626 4080 pericliter:

558 4103 631 4155 Nam
643 4100 706 4170 quid
718 4116 782 4171 opus
793 4104 897 4153 teneras
908 4101 1021 4155 mordaci
1032 4104 1123 4158 rodere
1135 4106 1201 4161 ferro

560 4186 719 4241 Auriculas?

452 4283 567 4347 Dicam
605 4296 711 4346 tamen
749 4280 837 4365 quod
876 4280 1013 4346 debetur
1050 4283 1162 4362 officio,
1199 4290 1257 4350 etsi
1295 4288 1406 4352 virtuti

451 4404 628 4446 successum
659 4402 721 4443 non
751 4394 817 4443 tam
847 4381 978 4444 fortuna
1003 4400 1201 4468 praereptura
1227 4386 1277 4463 sit,
1307 4408 1404 4470 quam
