3734 5484
457 786 517 843 192
714 796 849 841 roanurs
864 794 1142 840 sanusnumnusrs
1308 780 1354 852 [A.
1372 798 1403 840 o.

451 945 675 1034 propulsandis
697 946 788 1009 amici
811 946 1020 1010 incommodis
1044 945 1157 1008 viderit
1180 945 1405 1030 negligentem.

453 1054 578 1115 Harum
609 1049 668 1113 tibi
700 1048 966 1133 contemplatione
994 1070 1159 1111 causarum
1191 1047 1249 1111 tibi
1276 1048 1404 1111 tandem

451 1150 654 1215 scribendum
684 1152 801 1214 censui.
855 1150 952 1223 Quod
982 1165 1087 1214 tamen
1119 1148 1182 1213 tuis
1211 1165 1243 1216 et
1274 1163 1402 1214 tuorum

452 1252 563 1318 usibus
577 1251 678 1337 magis
700 1272 796 1335 quam
814 1250 891 1313 meis
906 1264 1028 1314 certum
1045 1250 1086 1314 sit
1109 1251 1269 1337 expedire.
1314 1253 1404 1317 Nihil

451 1358 533 1418 enim
550 1353 695 1418 debonis
710 1352 784 1432 tuis,
800 1352 919 1437 quibus
941 1376 998 1417 nec
1020 1353 1150 1438 indigeo
1171 1354 1313 1438 quidem,
1330 1355 1405 1419 mihi

451 1455 640 1541 concupisco
662 1454 712 1519 vel
734 1457 839 1538 exigo,
860 1455 915 1518 sed
939 1468 975 1519 ut
998 1455 1172 1540 prospicias
1196 1456 1264 1520 tibi.
1312 1456 1404 1521 Nosti

452 1557 610 1642 siquidem
647 1555 733 1641 quod
770 1555 917 1619 dominus
954 1558 1108 1621 Cantuar.
1141 1558 1198 1642 qui
1238 1557 1297 1620 tibi
1331 1559 1404 1643 jure

452 1645 623 1742 multiplici
645 1670 782 1743 pateret
797 1656 944 1721 dominus
959 1670 1017 1733 est,
1034 1657 1100 1722 suis
1123 1671 1155 1721 et
1176 1660 1280 1743 gentis
1295 1660 1405 1723 alienae

453 1760 619 1846 stipendiis
643 1782 715 1824 cum
741 1760 931 1844 gravissimo
957 1759 1099 1844 periculo
1122 1783 1180 1823 suo
1205 1773 1236 1824 et
1262 1761 1405 1825 omnium
1474 1767 1480 1774 '

453 1885 583 1926 suorum
598 1861 759 1925 ecclesiam
783 1861 845 1925 Dei
861 1884 880 1923 a
903 1861 1055 1925 servitute
1078 1863 1192 1926 nititur
1215 1861 1358 1938 liberare,
1374 1876 1406 1927 et

453 1961 508 2027 vix
535 1962 566 2025 in
593 1962 700 2049 aliquo
725 1962 867 2026 fidelium
895 1985 1026 2026 suorum
1052 1965 1169 2047 reperit
1196 1962 1302 2027 fidem.
1350 1965 1405 2027 Tu

453 2088 530 2149 ergo
545 2068 570 2130 si
585 2065 668 2151 sapis
685 2065 736 2128 vel
750 2087 834 2127 nunc
850 2064 927 2127 dum
951 2063 1023 2127 licet
1046 2064 1179 2148 provide
1202 2063 1273 2144 tibi,
1288 2065 1407 2129 redime

453 2164 647 2241 tarditatem,
662 2163 859 2226 communica
875 2165 1112 2228 necessitatibus
1128 2164 1197 2248 ejus
1212 2176 1248 2227 ut
1265 2165 1406 2228 consola·

452 2266 532 2328 tioni
558 2264 658 2348 possis
683 2264 924 2326 communicare.
979 2262 1130 2348 Alioquin
1159 2264 1255 2327 timeo
1281 2286 1320 2327 ne
1346 2265 1405 2328 tibi

453 2362 605 2426 damnosa
619 2362 675 2427 fiat
690 2361 888 2426 familiaritas
908 2384 1005 2446 quam
1029 2385 1102 2426 cum
1125 2364 1407 2428 excommunicatis

453 2466 521 2551 ejus
544 2465 691 2529 habuisse
713 2464 826 2528 diceris
849 2478 880 2529 et
903 2465 1029 2529 habere.
1080 2469 1148 2529 Nec
1171 2466 1272 2528 solum
1299 2489 1406 2551 regem

454 2568 582 2632 timeas:
615 2569 692 2651 quia
706 2580 737 2630 et
753 2565 903 2651 prodesse
918 2578 950 2630 et
965 2566 1074 2629 obesse
1097 2579 1229 2651 possunt
1250 2567 1408 2635 ecclesias-

454 2669 527 2731 ticae
554 2678 736 2752 potestates.
786 2667 867 2732 Hoee
895 2666 954 2730 tibi
981 2680 1100 2730 secreto
1127 2679 1278 2751 tanquam
1306 2669 1407 2733 amico

454 2767 602 2845 dixerim,
619 2779 731 2853 utpote
752 2768 808 2853 qui
832 2791 850 2831 a
873 2767 1008 2853 praefato
1024 2768 1152 2832 domino
1170 2768 1360 2833 pictaviensi
1377 2783 1407 2834 te

454 2868 581 2954 siquid
611 2869 736 2933 adversi
765 2869 939 2949 immineat,
962 2892 1178 2955 saepenumero
1203 2862 1403 2955 jussus'sum

410 2981 415 2987 ’
454 2968 655 3053 praemunire.
702 2972 734 3032 si
752 2992 826 3034 vero
843 2971 989 3036 voluntas
1004 2971 1106 3053 adest,
1120 2971 1256 3036 facultas
1272 2972 1328 3037 tibi
1344 2996 1405 3036 non

455 3065 564 3129 deerit.
613 3067 732 3131 Valete.

498 3383 719 3447 EPlSTOLA
742 3381 1081 3447 connititur-tn
1096 3403 1305 3449 annnwruunr
1322 3408 1364 3450 uu

684 3503 785 3547 varan
802 3503 907 3547 naun.
958 3482 1046 3563 [no.
1066 3486 1174 3564 llos]

636 3643 727 3706 Idem
743 3644 936 3708 Boldewino
951 3645 989 3708 de
1012 3646 1097 3708 Valle
1111 3645 1220 3708 Darii.

498 3778 565 3849 Qut
581 3789 613 3838 te
629 3775 813 3860 loquentem
829 3776 879 3840 vel
902 3777 1089 3841 scribentem
1113 3777 1216 3856 audit,
1231 3781 1407 3845 meminisse

454 3886 557 3958 potest
573 3874 666 3937 officii
682 3876 770 3960 quod
786 3876 923 3960 primum
941 3877 1110 3941 exercuisti
1127 3878 1159 3941 in
1174 3882 1264 3943 curia
1278 3882 1407 3966 quando

453 3977 513 4042 sub
527 3999 601 4060 rege
619 3977 791 4062 Stephano,
803 3988 835 4040 et
851 3998 923 4039 cum
940 3977 1077 4061 praefato
1093 3979 1234 4043 Ricardo
1249 3982 1406 4046 militabas

452 4078 558 4142 adhuc
580 4100 660 4164 pene
682 4100 771 4164 puer.
820 4076 949 4141 Solebas
972 4100 1039 4143 esse
1061 4078 1180 4163 ingenii
1207 4083 1405 4169 perspicacis,
1498 4145 1502 4149 .

453 4191 485 4245 et
501 4180 542 4244 ad
560 4202 652 4243 omne
667 4191 698 4244 et
721 4180 864 4243 omnium
887 4202 982 4264 super
1004 4202 1114 4245 omnes
1136 4196 1310 4247 coaetaneos
1332 4197 1405 4247 tuos

452 4295 598 4365 promtus
624 4282 823 4367 obsequium,
851 4272 1021 4365 antequam
1054 4294 1085 4345 te
1113 4283 1401 4349 Grammaticorum

452 4380 655 4464 immergeres
692 4383 804 4447 turbis.
872 4385 962 4468 Ergo
1001 4407 1075 4469 quae
1111 4385 1250 4468 loqueris
1288 4385 1403 4469 partim
