3734 5484
505 814 565 871 116
759 828 893 873 Jornnrs
910 831 1191 877 sanusennrunsrs
1358 816 1401 895 [Α.
1420 838 1451 880 n.

557 1089 779 1155 EPISTOLA
802 1094 1019 1158 CCXL.—ro
1035 1114 1264 1159 Bannnwnrun
1279 1116 1397 1162 Ancur-

646 1211 820 1256 nnconuru
836 1213 1065 1258 oxomensem.
1092 1198 1136 1276 [A.
1150 1216 1180 1260 n.
1200 1198 1309 1277 tlon]

498 1352 642 1415 loannes
666 1354 791 1417 Sorech.
814 1354 975 1435 Mupistro
1003 1358 1193 1419 Baldewt'rro
1216 1358 1452 1420 Archidiucono

882 1460 1074 1522 Exoaieasi.

543 1594 612 1655 Um
634 1592 675 1655 de
697 1594 787 1655 seriis
810 1595 923 1675 agitur,
946 1616 1049 1674 nugas
1070 1597 1283 1680 multiplicare
1306 1619 1370 1659 non
1394 1620 1449 1660 ex-

498 1693 605 1775 pedit:
632 1706 665 1757 et
683 1694 838 1757 indecens
858 1706 907 1757 est
931 1694 1141 1772 (medicorum
1163 1720 1249 1760 more
1271 1698 1449 1780 fallacium)

497 1816 594 1878 quum
604 1796 778 1857 necessitas
788 1794 874 1856 aliud
885 1795 996 1875 exigit,
1006 1797 1344 1879 amicisindigentibus
1354 1802 1451 1863 verba

497 1893 643 1977 derepto
659 1896 763 1957 rebus.
795 1895 890 1957 Nosti
905 1895 1030 1978 pridem
1044 1897 1253 1959 nominalium
1270 1907 1394 1963 tuorum
1412 1923 1450 1963 eo

497 1996 574 2058 mihi
599 1997 705 2058 minus
727 1998 855 2078 placere
875 1997 1062 2059 sententiam
1084 1998 1168 2081 quod
1189 1999 1223 2060 in
1248 2003 1449 2065 sermonibus

496 2109 563 2161 tota
572 2099 750 2161 consistens
759 2098 927 2159 utilitatem
939 2119 1042 2159 rerum
1052 2120 1115 2160 non
1126 2102 1342 2182 assumpserit,
1350 2124 1447 2185 quurn

496 2209 619 2262 rectum
649 2199 846 2281 sapientibus
875 2197 1047 2260 indubium
1077 2199 1118 2261 sit
1144 2200 1232 2283 quod
1255 2222 1304 2263 res
1334 2204 1448 2285 quaerit

493 2302 699 2387 philosophia
712 2321 777 2362 non
790 2300 893 2361 verba.
926 2301 972 2363 Ut
987 2322 1062 2380 ergo
1078 2301 1338 2383 compendiosius
1354 2325 1446 2385 agam

494 2421 600 2470 tecum
622 2425 764 2467 meorum
788 2424 874 2464 more
897 2403 1038 2481 realium,
1055 2424 1097 2464 ex
1112 2403 1224 2465 litteris
1248 2426 1319 2487 quae
1335 2417 1445 2468 nostro

493 2508 673 2573 Benedicto
690 2506 818 2567 directae
834 2515 908 2565 sunt
930 2504 1062 2585 colliges
1078 2505 1110 2566 in
1127 2527 1191 2589 quo
1208 2507 1333 2569 calculo
1350 2530 1446 2571 causa

495 2610 665 2678 sacerdotii
687 2621 829 2670 versetur
859 2617 891 2669 et
916 2607 1016 2685 regni.
1066 2607 1144 2669 Tibi
1167 2629 1240 2670 vero
1266 2607 1446 2690 specialiter

493 2713 697 2782 scribendum
721 2709 842 2786 censui,
868 2707 956 2790 quod
981 2708 1105 2770 interim
1131 2710 1256 2789 gravius
1280 2712 1445 2773 exulcerat

491 2819 629 2884 animam
655 2835 769 2891 meam,
796 2822 829 2874 et
858 2832 914 2873 cor
938 2824 1038 2887 tuum,
1064 2823 1099 2872 ut
1128 2809 1272 2889 arbitror,
1297 2812 1443 2874 acerbius

491 2933 577 2987 uret:
601 2920 628 2983 si
644 2931 748 2982 tamen
765 2936 874 2977 verum
889 2926 938 2976 est
953 2911 1039 2996 quod
1055 2912 1094 2975 dc
1110 2913 1314 2994 Wigornensi
1335 2925 1443 2976 nostro

489 3022 666 3092 inauribus
686 3019 856 3079 multorum
878 3016 1053 3094 divulgavit
1067 3015 1153 3078 sarna
1173 3016 1337 3077 celebrior.
1383 3015 1442 3077 Di-

490 3133 573 3195 citur
595 3122 680 3186 enim
704 3115 793 3200 quod
816 3114 1052 3196 imprudentius
1078 3127 1110 3177 et
1133 3116 1351 3196 impudentius
1374 3137 1441 3178 ver-

490 3241 577 3297 satus
592 3223 686 3287 estin
707 3238 803 3281 causa
821 3216 1063 3297 archiepiscopo
1078 3229 1110 3278 et
1126 3219 1356 3280 consecratoris
1379 3219 1439 3288 sui,

489 3342 622 3400 conatus
643 3346 685 3387 cx
707 3343 746 3383 eo
765 3320 799 3381 in
818 3318 990 3401 praesentia
1012 3318 1234 3399 episcoporum
1255 3331 1287 3380 et
1308 3320 1441 3380 aliorum

488 3437 605 3501 docere
635 3446 764 3491 causam
795 3420 915 3485 domini
945 3419 1185 3483 Cantuariensis
1215 3441 1279 3481 non
1310 3419 1368 3482 niti
1400 3420 1440 3482 de

487 3535 668 3605 sinceritate
685 3526 830 3611 justitiae,
845 3544 904 3586 nec
921 3522 1067 3586 ecclesiae
1088 3542 1229 3603 quaerere
1250 3521 1440 3596 libertatem,

488 3641 545 3706 sed
568 3637 726 3698 duntaxat
741 3650 813 3712 quae
837 3648 894 3688 sua
916 3637 1000 3700 sunt,
1022 3646 1087 3686 non
1111 3646 1184 3707 quae
1205 3624 1284 3686 Jesu
1308 3622 1439 3700 Christi,

488 3742 564 3827 qnia
579 3734 692 3799 cedere
714 3752 778 3791 non
797 3730 864 3789 vult
885 3749 923 3789 ea
944 3726 1129 3789 conditione
1152 3738 1188 3788 ut
1209 3747 1266 3787 rex
1282 3738 1438 3809 perpetuo

487 3836 643 3908 concedat
658 3833 797 3893 debitam
813 3828 959 3890 ecclesiae
974 3827 1161 3889 libertatem.
1200 3826 1329 3887 Dicitur
1342 3827 1438 3889 etiam

484 3941 641 4027 adjecisse
677 3929 860 3996 insultando
898 3950 931 3991 sc
969 3940 1110 4011 paratum
1142 3950 1212 3993 esse
1249 3931 1438 3993 renunciare

484 4037 684 4130 episcopatui
709 4055 767 4097 suo
793 4032 852 4094 sub
879 4029 993 4093 eodem
1020 4041 1125 4111 pactu.
1172 4030 1268 4103 Quod
1291 4044 1326 4093 ut
1349 4032 1438 4094 aiunt

482 4169 542 4213 nec
558 4144 621 4207 illis
636 4137 768 4223 placuit,
784 4134 840 4216 qui
855 4133 938 4195 hanc
954 4131 1124 4213 puritatem
1140 4133 1240 4217 ipsius
1256 4133 1436 4207 audierunt,

483 4262 551 4314 tum
565 4264 622 4327 pro
642 4258 778 4323 persona
800 4232 938 4296 dicentis
960 4254 1056 4315 quam
1075 4233 1262 4314 diligebant,
1277 4244 1310 4294 et
1324 4232 1435 4312 opina-

483 4355 602 4414 bantur
618 4340 750 4406 sanioris
771 4359 841 4402 esse
865 4335 994 4398 consilii
1014 4346 1046 4398 et
1061 4336 1252 4398 voluntatis:
1276 4347 1342 4396 tum
1359 4332 1436 4416 quia

483 4446 698 4536 perniciosum
721 4449 805 4501 esset
826 4437 996 4519 exemplo:
1021 4446 1088 4497 tum
1113 4435 1189 4518 quia
1211 4432 1303 4496 facile
1325 4441 1435 4515 posset
1465 4481 1467 4485 ,
