3734 5484
453 776 516 834 240
714 786 849 832 roasnrs
865 786 1142 832 ssansnnnrnnsrs
1307 770 1351 849 [s.
1372 791 1403 833 n.

453 938 660 1002 inhumanum
686 950 718 1001 et
743 936 937 1018 indevotum,
952 950 984 1001 et
1007 936 1274 1023 indisciplinatum
1299 962 1408 1003 exem-

452 1041 543 1127 plum
558 1039 753 1104 transmittat
763 1040 804 1105 ad
819 1052 971 1127 posteros.
1012 1039 1114 1104 Dolor
1128 1052 1160 1103 et
1176 1038 1279 1103 cordis
1291 1063 1408 1126 angus-

454 1144 499 1209 tia
537 1167 587 1208 me
621 1144 711 1207 vobis
746 1144 989 1229 compatientem
1025 1158 1057 1206 et
1093 1143 1255 1207 timentem
1291 1166 1330 1208 ne
1365 1168 1406 1208 ex

453 1245 715 1333 pusillanimitate
740 1257 771 1309 et
796 1245 918 1309 tenacia
948 1242 1158 1330 quorumdam
1187 1245 1286 1329 (quod
1317 1249 1408 1311 Deus

453 1351 587 1428 avertat)
614 1345 744 1410 ecclesia
772 1347 831 1410 Dei
858 1346 1026 1410 contrahat
1055 1347 1262 1432 opprobrium
1293 1348 1408 1434 sempi-

455 1462 592 1525 ternum,
608 1447 743 1511 scribere
765 1470 827 1510 non
849 1448 1019 1533 patiuntur
1040 1446 1146 1510 omnia
1168 1469 1242 1532 quae
1264 1448 1353 1512 locus
1375 1461 1408 1512 et

455 1574 550 1614 causa
572 1549 706 1634 ingerit:
739 1548 792 1613 sed
817 1564 854 1613 ut
875 1550 1014 1613 arbitror
1037 1552 1142 1613 Deum
1166 1548 1352 1614 timentibus
1375 1563 1408 1614 et

457 1653 652 1739 sapientibus
668 1665 699 1716 et
715 1651 895 1717 amantibus
910 1652 1108 1715 honestatem
1124 1648 1199 1714 satis
1214 1650 1408 1715 dictumest.

459 1756 624 1817 Hactenus
650 1775 727 1836 ergo
752 1751 870 1816 amicos
893 1751 1120 1837 praemonuisse
1147 1749 1291 1815 sufficiat.
1334 1756 1409 1818 Nec

457 1853 572 1917 dubito
596 1853 673 1939 quin
695 1852 876 1916 amantibus
890 1852 1033 1916 caritatis
1057 1851 1211 1916 reddatur
1225 1851 1360 1932 fructus,
1376 1866 1409 1917 et

457 1954 489 2017 in
506 1953 619 2018 surdos
635 1957 682 2032 (ut
696 1953 793 2017 veteri
810 1952 980 2039 proverbio
994 1951 1054 2015 dici
1069 1951 1158 2035 solet)
1175 1953 1250 2017 faba
1260 1954 1409 2020 cudatur.

460 2056 581 2135 Valete,
597 2056 692 2120 vestri
709 2069 741 2119 et
756 2053 855 2118 nostri
873 2076 1027 2118 memores
1041 2054 1075 2117 in
1090 2055 1231 2121 caritate.

493 2377 715 2441 EPISTOLA
739 2377 924 2442 CCC-sn
940 2393 1080 2442 urrann
1095 2397 1169 2444 aaa.
1188 2400 1215 2444 s.
1231 2399 1377 2445 nnnron.

754 2480 837 2559 [nn.
858 2483 948 2543 1170.
965 2500 1004 2541 m.
1022 2480 1117 2561 Dec]

632 2640 718 2702 Idem
734 2639 832 2703 Petro
847 2640 961 2702 Abbati
974 2642 1081 2702 sancti
1097 2642 1240 2723 Remipia'.

504 2777 607 2838 Mons
622 2796 692 2837 mea
707 2772 880 2838 rectissime
904 2785 1032 2859 poterat
1047 2774 1200 2851 accusari,
1216 2774 1242 2838 si
1258 2796 1319 2837 non
1342 2797 1414 2839 earn

461 2876 629 2939 necessitas
639 2887 811 2939 accusaret.
846 2875 1027 2938 Debueram
1041 2874 1136 2960 enim,
1146 2899 1185 2939 ex
1197 2899 1263 2961 quo
1274 2858 1413 2962 primum

461 2975 494 3038 in
507 2975 659 3057 Angliam
670 2976 784 3063 pedem
796 2977 899 3062 posui,
912 2976 1064 3038 nuncium
1075 2976 1240 3053 remisisse,
1250 2999 1307 3062 per
1318 3001 1414 3063 quem

462 3088 566 3139 vestra
592 3076 720 3139 dilectio
745 3076 786 3140 de
812 3076 1014 3141 alumnorum
1040 3100 1169 3142 suorum
1198 3089 1282 3144 statu
1307 3093 1414 3163 posset

461 3173 633 3238 certiorari.
680 3173 742 3239 Sed
759 3176 836 3259 quia
852 3176 929 3239 mihi
945 3178 976 3239 in
993 3178 1064 3263 ipso
1077 3180 1167 3242 navis
1182 3202 1321 3264 egressu,
1334 3201 1416 3243 nova

460 3286 493 3340 et
517 3274 675 3362 stupenda
698 3297 803 3339 rerum
827 3276 923 3339 facies
947 3278 1098 3355 occurrit,
1124 3279 1220 3345 alium
1245 3279 1416 3346 certiorare

461 3401 523 3441 non
536 3378 638 3464 potui,
646 3381 703 3464 qui
715 3401 753 3441 ex
767 3376 863 3441 variis
876 3378 1079 3462 opinionibus
1091 3392 1123 3443 et
1136 3380 1239 3444 verbis
1251 3380 1416 3445 hominum

461 3480 618 3545 reddebar
628 3479 776 3545 incertus
813 3480 907 3559 Nam,
917 3479 1025 3543 triduo
1035 3492 1202 3565 antequam
1214 3481 1418 3567 applicarem,

462 3581 567 3643 omnia
596 3581 680 3645 bona
711 3580 830 3645 domini
861 3582 1013 3645 Cantuar.
1041 3594 1072 3645 et
1105 3604 1235 3645 suorum
1265 3594 1419 3648 annotata

461 3681 599 3757 fuerant,
614 3683 875 3764 procuratoribus
901 3683 966 3746 suis
988 3683 1029 3746 ab
1054 3683 1325 3748 administratione
1340 3686 1418 3750 sub-

463 3778 574 3841 motis:
605 3792 637 3841 et
652 3779 683 3841 in
710 3781 869 3864 portubus
893 3782 999 3845 edicto
1023 3781 1152 3867 publico
1172 3782 1342 3848 inhibitum
1368 3798 1417 3850 est

462 3879 522 3942 sub
551 3879 807 3943 interminatione
836 3881 924 3945 exilii
954 3895 986 3945 et
1022 3883 1271 3970 proscriptionis,
1301 3887 1417 3971 nequis

461 3978 1417 4063 nostrorum‚siforteAnglinmvelletexire,transveheretur.

462 4081 600 4147 Piissimi
623 4094 728 4145 tamen
750 4080 896 4145 officiales
918 4081 1038 4146 domini
1061 4084 1144 4169 regis
1166 4085 1300 4170 provida
1322 4088 1417 4151 nimis

462 4184 586 4248 cautela
611 4194 643 4246 et
669 4183 844 4269 perniciosa
870 4183 961 4248 nobis
990 4183 1269 4271 circumspectione
1295 4210 1416 4271 praeca-

463 4298 584 4366 verant,
604 4299 641 4350 ut
663 4286 916 4372 archiepiscopus
939 4299 971 4351 et
998 4288 1044 4352 sui
1065 4289 1106 4351 ab
1126 4288 1222 4351 exilio
1246 4288 1416 4353 redeuntes

464 4386 541 4449 nihil
557 4409 686 4469 prorsus
702 4401 756 4450 aut
781 4389 945 4453 minimum
962 4389 1139 4453 invenirent
1163 4402 1280 4474 prater
1301 4389 1414 4453 domos
