3734 5484
497 784 556 847 las
752 798 889 843 romnus
904 794 1183 840 saansaanmnsrs
1351 775 1397 849 [A.
1415 791 1446 836 u.

496 949 616 1014 Christi
632 949 680 1013 sui
696 948 840 1035 passione
860 947 1026 1010 clamavit:
1058 946 1137 1008 Non
1151 945 1299 1007 hahemus
1317 952 1448 1025 patrem

494 1054 683 1114 animorum
699 1059 730 1114 et
740 1058 912 1133 pastorem,
927 1052 996 1111 nisi
1013 1049 1197 1111 Caesarem?
1223 1046 1313 1128 Ergo
1327 1066 1448 1128 quaeso,

493 1150 608 1215 dilecte
630 1150 684 1230 mi,
699 1151 776 1214 dum
801 1164 926 1234 tempus
948 1161 1006 1226 est,
1028 1169 1148 1211 moram
1171 1146 1302 1221 redime,
1322 1157 1354 1208 et
1376 1167 1447 1229 per-

390 1323 397 1340 ,
493 1252 591 1315 suade
613 1251 778 1327 fratribus,
794 1251 850 1334 qni
872 1248 973 1313 futuri
997 1261 1071 1312 sunt
1094 1247 1169 1310 socii
1186 1245 1446 1323 consolationum,

495 1364 530 1415 ut
548 1352 778 1417 communicent
794 1354 935 1435 paternis
956 1348 1124 1433 angustiis,
1139 1371 1178 1410 ne
1199 1346 1325 1411 tandem
1348 1346 1447 1431 poeni-

493 1466 559 1517 teat
574 1477 639 1529 eoS,
654 1466 685 1517 et
705 1452 825 1538 pudeat
846 1452 927 1515 solos
944 1475 975 1514 se
997 1474 1055 1536 per
1069 1451 1334 1514 inhumanitatem
1357 1471 1447 1512 exce-

493 1555 577 1641 pisse
599 1579 619 1617 a
641 1553 847 1618 tribulatione
872 1553 1043 1626 communi,
1070 1574 1144 1636 quae
1168 1564 1214 1615 est
1240 1554 1277 1621 jn
1307 1550 1444 1613 Christo.

496 1658 642 1719 Auctore
658 1658 729 1719 Deo
743 1653 929 1737 navigamus
945 1653 976 1715 in
992 1665 1098 1737 portu,
1114 1665 1146 1716 et
1162 1665 1236 1737 post
1255 1651 1358 1716 tristia
1377 1650 1446 1714 sab-

494 1756 571 1819 bata
595 1756 671 1818 felix
698 1755 830 1818 irradiat
860 1754 937 1817 dies.
991 1758 1077 1837 Lege
1101 1758 1255 1839 rescripta
1284 1777 1358 1838 quae
1384 1753 1443 1817 tibi

493 1857 675 1931 mittuntur,
697 1854 826 1919 attende
851 1855 957 1917 verbis
982 1877 1054 1939 quae
1080 1854 1222 1918 nondum
1250 1854 1370 1918 licitum
1396 1865 1444 1916 est

493 1953 659 2037 publicari,
674 1975 810 2038 quorum
826 1951 934 2037 aliqua
950 1975 1012 2016 non
1028 1953 1087 2016 nisi
1103 1953 1173 2032 tibi,
1184 1967 1216 2016 et
1233 1952 1360 2015 Oddoni
1376 1952 1444 2034 soli,

492 2053 584 2118 etiam
608 2054 668 2117 sub
682 2053 852 2118 assertione
873 2053 1035 2137 religionis
1058 2053 1195 2127 arctatis,
1211 2053 1443 2116 communicare

492 2155 541 2218 fas
564 2169 621 2218 est.
668 2156 730 2216 His
755 2153 884 2232 auditis,
908 2152 1038 2216 consilio
1064 2166 1164 2233 utere,
1185 2176 1242 2216 nec
1265 2153 1443 2237 suspiceris,

493 2252 579 2337 quod
603 2253 681 2317 mihi
708 2252 882 2337 quidquam
907 2262 1025 2337 petam,
1051 2252 1103 2337 qui
1129 2253 1250 2335 gratias
1275 2274 1336 2334 ago
1361 2254 1442 2327 Deo,

493 2354 550 2438 qui
566 2376 615 2416 me
631 2353 690 2418 sibi
705 2354 771 2416 fere
786 2352 843 2415 soli
866 2353 1036 2418 iuratione
1059 2352 1124 2417 dati
1141 2366 1173 2417 et
1195 2352 1314 2438 accepti
1338 2352 1441 2415 voluit

493 2454 638 2541 obligari.
687 2455 805 2518 Valcte.

609 2751 829 2815 EPISTOLA
852 2750 1156 2814 CCXLVIll.-ao
1171 2764 1325 2809 nonnam.

863 2852 907 2931 [a.
921 2871 952 2913 o.
968 2850 1075 2930 naa]

726 3027 878 3091 Willelmo
890 3031 1055 3110 subpriori
1071 3030 1207 3093 Cantica.

533 3162 686 3229 Assams,
710 3168 745 3219 ut
768 3179 808 3219 ex
835 3158 959 3232 litteris,
982 3180 1063 3240 quas
1090 3159 1248 3240 Magistro
1273 3160 1443 3243 Radulpho

490 3256 614 3333 misisti,
630 3256 773 3342 conjicio,
785 3256 871 3341 quod
888 3256 1089 3339 reprehensio
1104 3279 1174 3318 mea
1189 3260 1239 3319 vel
1254 3257 1442 3323 declamatio

490 3359 581 3424 facile
593 3359 709 3443 poterit
720 3357 896 3421 confutari:
921 3355 998 3442 quia
1009 3355 1142 3431 factum,
1155 3356 1242 3439 qnod
1257 3359 1442 3440 arguebam,

491 3485 554 3526 non
583 3484 621 3523 eo
646 3482 712 3544 quo
737 3459 917 3545 expositum
944 3457 1050 3520 fuerat
1079 3455 1231 3541 processit
1259 3457 1370 3521 modo:
1409 3474 1440 3523 et

492 3562 615 3627 utinam
645 3582 704 3642 ego
734 3558 840 3643 potins
868 3557 1038 3621 erraverim
1068 3558 1100 3620 in
1130 3556 1214 3619 facto
1243 3559 1441 3641 exponendo,

492 3683 589 3745 quam
617 3659 748 3723 ecclesia
769 3660 801 3720 in
824 3657 1062 3722 committendo.
1109 3657 1185 3720 Sitis
1207 3656 1306 3741 igitur
1327 3660 1442 3742 proba-

492 3760 598 3822 biliter
624 3758 778 3837 excusati,
803 3758 880 3821 dum
913 3773 1017 3822 tamen
1047 3756 1226 3821 innocentia
1254 3757 1294 3819 de
1323 3759 1442 3823 meritis

491 3880 635 3944 operum,
652 3878 746 3940 quam
763 3856 803 3917 de
826 3858 1087 3941 persuasibilibus
1109 3858 1255 3921 humanae
1279 3860 1442 3944 sapientiae

491 3957 596 4022 verbis
616 3960 723 4042 potius
744 3956 910 4020 elucescat.
957 3959 1089 4020 Interim
1114 3981 1169 4020 vos
1191 3959 1444 4045 archiepiscopus

491 4057 622 4123 habebit
651 4072 829 4132 excusatos,
856 4054 914 4118 nisi
944 4078 999 4118 vos
1028 4071 1176 4120 accusent
1205 4082 1302 4143 opera
1328 4073 1441 4124 vestra.

494 4160 565 4224 Scio
580 4158 662 4221 enim
683 4158 853 4241 (qnantum
867 4156 940 4220 licet
955 4155 1075 4219 homini
1091 4156 1130 4220 de
1142 4158 1268 4223 homine
1279 4158 1439 4243 judicare)

493 4261 580 4345 quod
592 4259 924 4323 universitatisvestrae
933 4258 1111 4342 profectum
1123 4258 1227 4344 diligit
1237 4272 1268 4323 et
1278 4259 1440 4335 honorem,

495 4374 526 4422 et
543 4360 707 4423 affectione
722 4359 833 4443 majori
846 4358 989 4442 singulos
1002 4359 1257 4445 amplecteretur,
1268 4360 1327 4423 nisi
1339 4372 1442 4424 essent
