3734 5484
459 792 498 849 10
721 804 858 848 aeturus
874 803 1153 849 stnnsaunmusrs
1308 786 1352 864 [r.
1370 802 1400 846 n.

452 955 603 1030 decrevit,
623 966 655 1017 et
675 958 790 1018 summi
811 966 934 1019 tantum
955 956 1118 1040 pontificis
1138 954 1404 1037 dispositionibus

452 1057 626 1141 subjacere.
681 1059 835 1121 Abiathar
865 1081 1002 1143 quoque,
1033 1060 1088 1141 qui
1118 1057 1251 1140 Spiritui
1282 1058 1402 1119 Sancto

451 1158 609 1221 restiterat
625 1158 658 1220 in
675 1158 884 1242 dispositione
905 1160 1025 1237 David,
1039 1171 1164 1222 amotus
1180 1180 1199 1221 a
1214 1156 1405 1232 sacerdotio,

453 1280 490 1322 ea
505 1260 627 1322 ratione
642 1261 831 1324 sententiam
856 1262 966 1323 mortis
989 1262 1099 1336 evasit,
1114 1260 1189 1343 quia
1211 1279 1316 1322 arcam
1332 1278 1405 1341 por·

452 1370 581 1435 laverat,
604 1372 636 1423 et
657 1361 868 1443 praecedentis
894 1362 994 1425 officii
1017 1361 1186 1444 privilegio
1207 1369 1294 1422 tutus
1317 1359 1402 1421 diem

452 1462 636 1546 expectavit
650 1463 789 1525 fatalem.
819 1462 953 1535 Quodsi
966 1463 1113 1532 clerusiu
1125 1458 1289 1545 privilegia
1304 1461 1407 1521 tribus

452 1564 607 1627 Leviticae
636 1584 700 1625 non
727 1563 884 1641 succedit,
910 1574 943 1627 et
972 1565 1136 1647 apostolus
1160 1583 1259 1625 vanus
1289 1572 1347 1636 est,
1374 1574 1406 1622 ct

452 1667 581 1730 fallaces
611 1687 723 1728 omnes
751 1666 939 1748 interpretes
969 1665 1204 1748 seripturarum.
1257 1664 1313 1725 Ex
1342 1683 1405 1745 quo

451 1766 609 1849 liquidum
621 1787 691 1828 esse
703 1765 798 1827 (lebet
807 1766 956 1828 omnibus
966 1765 1176 1848 justissimam
1190 1784 1260 1828 esse
1276 1784 1404 1827 causam

451 1886 561 1928 eorum
578 1866 632 1947 qui
648 1886 706 1948 pro
720 1865 865 1927 libertate
880 1866 1039 1928 Ecclesiae
1061 1864 1226 1942 dimicant,
1241 1878 1272 1928 et
1287 1866 1405 1948 pretio-

453 1967 568 2029 siorem
582 1966 702 2028 habeut
716 1966 821 2044 legem
837 1965 900 2027 Dei
916 1986 1012 2048 quam
1027 1966 1181 2042 fortunas,
1194 1967 1292 2027 immo
1308 1988 1405 2048 quam

359 2056 364 2066 ⁴
452 2070 575 2131 animas
600 2089 683 2131 suas.
729 2066 794 2129 Sed
819 2068 951 2130 fortasse
976 2067 1065 2130 dicet
1086 2068 1212 2149 aliquis,
1240 2067 1403 2151 quidhoc

453 2169 494 2233 ad
510 2191 638 2233 causam
650 2168 744 2231 vestri
755 2168 1006 2246 Cautuariensis,
1016 2169 1072 2252 qui
1087 2171 1119 2231 in
1137 2190 1234 2233 causa
1246 2171 1405 2233 Ecclesiae

454 2267 549 2333 cessit
562 2269 648 2354 apud
664 2268 899 2333 clarendonam
914 2282 946 2332 et
961 2271 994 2332 in
1010 2271 1197 2352 pecuniaria
1217 2285 1404 2344 conventus,

452 2372 486 2433 in
503 2371 576 2455 jure
591 2372 652 2434 sibi
668 2368 817 2433 conscius
836 2371 1026 2454 iniquitatis,
1042 2381 1074 2433 et
1094 2372 1134 2434 de
1155 2371 1323 2453 praestigiis
1338 2371 1404 2433 suis

453 2473 588 2548 diffisuS,
611 2470 808 2551 subterfugio
831 2470 1028 2553 imprudenti
1055 2482 1087 2534 et
1111 2472 1289 2555 impudenti
1315 2493 1405 2535 suam

453 2572 592 2657 quodam
612 2571 719 2647 modo,
733 2572 832 2635 immo
853 2574 949 2655 plane
970 2572 1130 2655 professus
1145 2585 1194 2635 est
1207 2572 1405 2655 injustitiam,

453 2686 484 2737 et
513 2684 635 2756 partem
660 2673 851 2756 justificavit
880 2674 1054 2737 adversam.
1105 2674 1186 2735 Esto
1213 2694 1290 2736 sane
1316 2674 1404 2756 quod

453 2776 594 2839 cesserit.
646 2774 845 2857 Propicietur
873 2776 964 2837 Deus
988 2775 1156 2857 episeopis,
1182 2774 1238 2857 qui
1264 2796 1336 2837 eum
1363 2775 1405 2838 ad

451 2876 516 2937 hoe
530 2874 734 2952 induxerunt,
751 2883 785 2937 et
799 2874 1108 2937 circumventoribus
1122 2874 1180 2957 qui
1195 2895 1266 2937 eum
1282 2874 1401 2938 eduxe-

452 2983 537 3051 runt,
551 2996 650 3057 quum
670 2986 774 3036 tamen
791 2975 899 3055 justus
923 2987 1008 3038 esset
1026 2987 1139 3053 metus,
1154 2988 1185 3039 et
1206 2997 1357 3059 praesens,
1374 2987 1406 3038 et

453 3076 561 3158 quiin
584 3074 876 3136 constantissimum
897 3075 1062 3137 hominem
1084 3076 1222 3140 caderet.
1267 3078 1407 3140 Mittitur

453 3176 543 3238 vobis
563 3174 699 3255 epistola
720 3173 799 3256 ejus,
816 3174 873 3235 ubi
895 3195 954 3255 pro
976 3195 1010 3237 se
1034 3175 1209 3237 satisfaciat
1230 3197 1272 3237 ex
1294 3191 1404 3256 parte3

452 3276 510 3338 sed
534 3275 608 3358 quia
631 3273 777 3356 deliquit,
792 3274 953 3356 poenituit,
976 3275 1141 3337 confessus
1164 3286 1222 3351 est,
1238 3296 1257 3337 a
1272 3276 1405 3352 domino

452 3399 538 3461 papa
552 3374 675 3440 absolvi
690 3374 804 3436 meruit
818 3394 916 3437 causa
935 3375 1109 3454 recognita,
1125 3385 1157 3436 et
1170 3384 1207 3437 ut
1220 3376 1404 3438 Ecclesiam

452 3480 628 3560 Anglorum
645 3478 685 3540 ab
700 3475 821 3538 illicitis
836 3487 869 3538 et
883 3476 1017 3538 extortis
1038 3476 1286 3556 obligationibus
1300 3478 1404 3540 absol-

451 3593 538 3646 veret
563 3579 754 3663 impetravit.
800 3576 863 3650 Qui
886 3598 962 3659 ergo
984 3578 1100 3640 imitati
1123 3587 1197 3639 sunt
1226 3580 1274 3656 (ut
1299 3579 1402 3656 aiunt)

452 3682 706 3764 delinquentem,
744 3700 840 3762 quare
876 3680 1096 3762 paenitentem,
1128 3679 1335 3743 confitentem
1372 3691 1404 3743 et

452 3781 699 3843 satisfacientem
725 3801 791 3841 non
817 3780 1005 3843 imitantur?
1044 3779 1192 3864 nunquid
1215 3782 1339 3844 malunt
1367 3783 1401 3842 iu

452 3880 601 3944 sordibus
615 3881 785 3952 immorari,
798 3901 893 3962 quam
909 3902 1049 3960 surgere,
1058 3882 1205 3945 mundari
1219 3893 1252 3946 et
1265 3883 1405 3966 reparari

452 3984 484 4046 in
508 3983 676 4066 pristinum
701 3980 855 4063 gradum?
895 3981 960 4045 Sed
987 4003 1115 4046 causam
1139 3985 1255 4048 veritus
1282 3995 1332 4048 est
1357 3985 1404 4063 (ut

451 4085 613 4170 objicitur)
639 4082 868 4166 pecuniariam,
887 4084 949 4152 hnc
974 4082 1105 4167 quidem
1130 4084 1244 4148 falsum
1269 4098 1325 4163 est,
1346 4086 1402 4148 sed

446 4188 595 4270 judicum
614 4186 827 4269 iniquitatem,
846 4187 902 4270 qui
923 4208 995 4249 eum
1018 4185 1131 4270 iniqua
1149 4190 1305 4252 sententia
1323 4209 1402 4250 con·

453 4290 688 4367 demnaverant,
702 4290 803 4373 parati
819 4288 965 4371 judicare
987 4290 1141 4374 quicquid
1164 4304 1295 4374 tyranno
1318 4290 1402 4353 libu-

452 4391 540 4454 isset.
595 4393 635 4454 In
662 4413 766 4475 eoque
789 4392 990 4456 verecundiae
1013 4394 1113 4455 seculi
1138 4392 1236 4455 nostri
1258 4391 1403 4474 pepercit
