3734 5484
508 794 568 854 174
755 804 891 850 roxuuis
909 805 1190 852 sAREsBERIENSIS
1369 792 1412 870 [x.
1432 812 1461 854 n.

507 955 761 1020 consolationem.
808 958 852 1020 Et
869 956 996 1041 quidem
1013 971 1172 1035 metune,
1189 959 1273 1022 sicut
1290 980 1346 1022 nec
1361 959 1392 1021 iu
1404 983 1459 1022 ex-

508 1071 606 1123 tremo
621 1056 757 1141 judicio,
772 1080 833 1120 nou
855 1058 1034 1139 displicebit
1053 1060 1078 1122 si
1099 1060 1173 1145 quis
1190 1061 1369 1123 testimonio
1388 1084 1461 1123 con·

508 1156 647 1221 scientiae
659 1156 809 1241 gaudeat,
823 1170 857 1219 ut
870 1180 961 1241 opem
974 1158 1083 1221 tulerit
1095 1159 1232 1222 ecclesiae
1244 1160 1454 1242 naufraganti.

507 1258 674 1321 Adversus
685 1258 754 1320 haec
769 1258 902 1320 fortasse
914 1258 1132 1342 praeteudetur
1142 1260 1280 1343 publicae
1292 1262 1461 1345 potestatis

507 1371 622 1435 metus,
632 1372 663 1422 et
677 1371 941 1443 persequutorum
952 1358 1085 1422 insidiae.
1104 1358 1165 1422 Sed
1177 1372 1263 1422 certe
1275 1372 1394 1424 nonest
1406 1361 1459 1445 qni

508 1458 573 1522 siue
595 1481 704 1521 eorum
720 1456 910 1521 conscientia
932 1458 1061 1543 quando
1076 1458 1203 1522 libitum
1222 1470 1269 1521 est
1288 1483 1349 1521 non
1366 1461 1460 1523 faciat

508 1570 683 1645 sumptum.
728 1559 796 1621 Nec
817 1558 877 1621 boc
897 1562 968 1622 Deo
991 1571 1070 1623 teste
1094 1561 1155 1623 mei
1172 1561 1350 1645 compendii
1367 1584 1461 1624 causa

508 1660 655 1733 dixerim,
672 1661 726 1723 sed
751 1674 786 1724 ut
808 1662 1018 1745 praemuniam
1040 1660 1204 1725 dominum
1230 1684 1334 1725 meum
1358 1675 1390 1725 et
1407 1686 1460 1725 ex-

507 1761 610 1846 pleam
627 1762 765 1825 officium
783 1763 900 1826 debitae
914 1762 1064 1826 caritatis.

534 1964 759 2028 nrisrom
785 1932 1072 2029 ccxxvii-ii>
1093 1986 1249 2030 tomam
1273 1987 1424 2030 paoem

713 2085 973 2129 uonwmuusuu.
1022 2069 1066 2146 [x.
1084 2087 1115 2129 n.
1135 2071 1243 2148 lisa]

691 2231 781 2292 Idem
795 2233 920 2293 „Ioanni
936 2233 1048 2293 Priori
1058 2233 1272 2294 Norwieensi.

551 2348 657 2412 Dum
673 2360 719 2411 est
735 2348 986 2433 proscriptorum
1002 2348 1154 2427 conditio,
1169 2349 1224 2412 sed
1241 2371 1302 2411 non
1321 2361 1383 2411 tam
1402 2372 1458 2412 suo

504 2449 620 2513 damno
633 2472 729 2534 quam
738 2447 905 2534 dispendio
921 2450 1105 2513 amicorum.
1154 2450 1213 2511 Vix
1225 2450 1307 2512 enim
1324 2463 1458 2534 possunt

504 2551 641 2636 aliquem
655 2551 803 2629 salutare,
814 2551 869 2635 qui
877 2573 940 2613 uon
948 2551 1020 2613 ilico
1028 2551 1206 2636 suspicetur
1219 2551 1279 2614 sub
1286 2549 1460 2613 affectionis

505 2666 537 2717 et
562 2653 773 2717 venerationis
800 2664 959 2737 praetextu
984 2654 1123 2715 exerceri
1149 2650 1408 2736 negotiationem,
1429 2662 1460 2712 et

505 2754 657 2818 officiosos
683 2753 804 2817 inhiare
830 2753 871 2816 ad
895 2766 1065 2839 quaestum.
1111 2753 1207 2826 Quod
1230 2764 1379 2837 nepotes
1400 2751 1459 2813 mei

504 2878 571 2918 esse
601 2856 755 2941 propositi
782 2855 965 2935 (carissime)
996 2854 1181 2937 diligentius
1205 2876 1327 2938 precor,
1356 2864 1462 2915 certus

502 2955 591 3040 quod
606 2956 648 3017 sis
662 2978 712 3018 me
727 2960 799 3019 Deo
815 2957 1010 3041 propitiante
1026 2956 1210 3019 necessariis
1227 2978 1328 3040 usque
1344 2953 1386 3016 ad
1401 2953 1458 3015 ho-

504 3077 610 3117 norem
627 3067 659 3115 et
674 3055 808 3135 gloriam
831 3057 1004 3121 abundare.
1051 3058 1125 3119 Nou
1146 3057 1246 3140 igitur
1263 3070 1319 3120 tua
1340 3076 1461 3140 quaero,

504 3152 559 3215 sed
568 3165 611 3227 te,
627 3152 651 3213 si
665 3164 768 3215 tamen
782 3175 842 3214 non
852 3154 1003 3238 excidisti
1019 3157 1164 3239 agretia,
1181 3169 1212 3219 et
1224 3156 1330 3219 adhuc
1342 3155 1459 3218 retines

503 3254 677 3315 caritatem.
722 3255 766 3316 Et
783 3252 855 3314 licet
871 3252 1038 3327 excideris,
1056 3265 1087 3316 te
1096 3265 1201 3316 tamen
1218 3276 1372 3338 quaeram,
1388 3274 1456 3316 eam

503 3354 535 3415 in
560 3366 590 3415 te
613 3352 793 3416 desiderans
815 3352 990 3429 reformari,
1014 3353 1111 3415 immo
1135 3367 1163 3418 te
1185 3353 1217 3416 in
1238 3353 1293 3416 illa
1315 3354 1380 3416 sine
1396 3376 1461 3437 qua

503 3476 565 3517 non
581 3455 641 3518 nisi
657 3455 809 3519 deformis
824 3455 894 3532 eris,
910 3455 988 3540 quia
1002 3477 1131 3540 possum
1142 3455 1274 3539 diligere
1284 3455 1378 3518 etiem
1396 3477 1458 3517 uon

504 3568 665 3618 amantes:
690 3578 752 3619 non
768 3556 856 3641 quod
873 3568 904 3620 te
925 3569 1071 3641 reputem
1092 3556 1175 3619 inter
1195 3555 1278 3632 illos,
1294 3556 1347 3620 sed
1365 3555 1459 3618 etiam

507 3657 533 3718 si
549 3656 621 3719 talis
632 3657 731 3719 fueris
739 3658 884 3741 exprimo
895 3680 1031 3720 sensum.
1075 3657 1248 3743 Reputabo
1260 3679 1319 3740 pro
1330 3678 1461 3718 munere

506 3758 532 3819 si
547 3780 597 3819 me
618 3758 659 3821 de
681 3771 766 3821 statu
794 3773 850 3823 tuo
876 3759 1052 3823 reddideris
1077 3762 1251 3825 certiorem.
1296 3763 1353 3837 Et,
1380 3760 1461 3823 side

505 3878 576 3918 meo
591 3878 693 3932 curas,
709 3857 795 3919 exilii
810 3860 872 3920 mei
887 3860 1021 3941 quintus
1041 3862 1176 3925 feliciter
1190 3861 1338 3946 expletur
1358 3885 1460 3926 annus

507 3957 567 4020 sub
593 3956 721 4020 domino
742 3959 975 4036 Cantuarieusi,
997 3964 1050 4045 qui
1073 3984 1132 4045 pro
1155 3963 1301 4027 libertate
1323 3964 1460 4028 ecclesiae

505 4061 571 4122 suis
587 4058 635 4121 vel
651 4058 761 4121 alienae
775 4060 880 4143 gentis
900 4059 1066 4146 stipendiis
1086 4061 1191 4127 adhuc
1213 4065 1339 4141 militat,
1356 4066 1459 4130 necin

507 4159 605 4224 Israel
620 4161 759 4246 repperit
783 4161 888 4225 fidem.
934 4165 1052 4226 Omnes
1075 4164 1166 4227 amici
1190 4167 1260 4251 ejus
1275 4179 1459 4252 spreverunt

506 4260 623 4344 ipsum,
639 4273 671 4324 et
694 4262 854 4325 ecclesiam
878 4261 962 4325 inter
984 4263 1159 4347 angustias,
1181 4277 1212 4327 et
1229 4264 1315 4349 quod
1330 4263 1460 4348 gravius

507 4372 554 4420 est
584 4360 712 4443 plurimi
743 4375 989 4445 persequuntur.
1053 4367 1112 4427 Est
1143 4364 1225 4427 enim
1255 4362 1457 4447 proverbium
