3734 5484
453 809 512 866 150
660 840 663 845 -
713 815 848 859 romnus
863 814 1144 859 sanusnsmuusrs
1308 796 1353 873 [n.
1373 813 1403 854 u.

481 1052 704 1118 EPISTOLA
733 1053 1003 1117 cextra—n>
1024 1068 1231 1112 uannwrnun
1255 1066 1373 1110 1111111-

588 1171 764 1216 1111111111
781 1170 1012 1215 nxoumusau.
1061 1151 1105 1230 [1.
1123 1170 1152 1211 n.
1174 1146 1280 1229 llos]

650 1303 741 1365 Idem
759 1303 947 1365 Baldewino
960 1300 1205 1363 Arclridiacono.

495 1438 581 1499 E‘rsr
592 1432 734 1519 parvitas
745 1454 815 1495 mea
826 1432 868 1495 ad
878 1432 993 1517 dignas
1007 1430 1184 1516 gratiarum
1195 1451 1260 1492 non
1272 1428 1406 1492 sufficiat

453 1536 602 1615 actiones,
624 1533 764 1619 opinioni
787 1547 893 1598 tamen
917 1532 1142 1618 praejudicium
1167 1532 1292 1609 faciam,
1315 1530 1341 1594 si
1367 1530 1407 1593 de

453 1636 680 1702 taciturnitatis
691 1636 805 1712 merito
818 1647 1030 1721 praesumatur
1042 1657 1091 1697 me
1103 1634 1327 1698 beneficiorum
1344 1655 1409 1695 esse

452 1738 679 1813 immemorem,
701 1749 733 1800 et
757 1738 857 1800 vicem
882 1736 1040 1800 referendi
1066 1737 1098 1799 in
1125 1735 1234 1799 officiis
1259 1734 1406 1798 amicitiae

450 1837 557 1901 deesse
585 1838 791 1901 voluntatem.
838 1837 906 1900 Ubi
933 1859 1010 1919 ergo
1039 1837 1175 1901 facultas
1201 1835 1406 1922 suspenditur

452 1938 637 2015 voluntatis,
654 1960 711 2023 par
732 1951 792 2015 est,
808 1951 845 2002 ut
867 1938 1014 2003 voluntas
1035 1937 1195 2003 cumulata
1216 1941 1359 2016 caritate,
1373 1951 1405 1999 et

451 2037 556 2122 gratia
570 2036 717 2123 suppleat
733 2036 877 2100 inhibita
893 2037 1057 2101 facultatis
1079 2036 1224 2101 officium.
1273 2036 1305 2099 Si
1321 2037 1404 2100 enim

451 2162 563 2202 verum
585 2151 633 2202 est
655 2136 742 2223 quod
766 2136 844 2202 nulli
867 2138 1003 2201 dubium
1026 2151 1073 2202 est
1096 2160 1205 2200 verum
1229 2160 1307 2214 esse,
1328 2137 1405 2221 quia

447 2242 569 2306 totiens
584 2241 707 2325 experti
720 2262 831 2304 sumus
844 2240 938 2303 fidem
951 2238 1129 2302 habendam
1141 2262 1208 2301 esse
1220 2237 1403 2325 proverbio:

556 2357 673 2409 Nitimur
684 2357 712 2408 in
723 2358 833 2409 vetitum
845 2374 955 2427 semper,
969 2357 1133 2427 cupimusque
1145 2361 1277 2424 negatum,

449 2460 657 2548 probabiliter
671 2459 783 2546 conjici
803 2463 922 2545 poterit
938 2482 988 2523 me
1011 2483 1075 2544 quo
1090 2457 1190 2544 magis
1209 2458 1355 2522 inhibeor
1371 2470 1403 2522 et

451 2587 559 2629 arceor
573 2563 614 2626 ab
630 2562 748 2637 amicis,
761 2585 798 2625 eo
813 2561 950 2647 amplius
965 2562 1006 2626 ad
1022 2561 1169 2626 amicitiae
1178 2561 1280 2626 officia
1295 2583 1406 2647 repen-

452 2667 567 2741 denda,
583 2679 615 2730 et
630 2665 794 2729 ardentius
808 2664 944 2728 incitari.
992 2665 1025 2727 Si
1041 2666 1118 2729 mihi
1137 2687 1200 2727 non
1216 2664 1319 2728 credis
1333 2685 1405 2726 con-

454 2770 521 2834 sule
543 2783 716 2832 amatores:
749 2780 792 2847 et,
813 2767 838 2830 si
865 2767 1005 2854 perfecte
1028 2766 1074 2831 vis
1098 2767 1226 2846 instrui,
1247 2766 1331 2829 disce
1357 2764 1407 2828 vel

454 2894 539 2934 nuuc
551 2871 639 2955 quod
656 2882 687 2934 te
698 2870 852 2934 hactenus
867 2869 1005 2934 arbitror
1016 2869 1171 2955 ignorare.
1201 2871 1248 2934 Te
1263 2867 1409 2931 mulieres

453 2970 635 3032 fidelissime
656 2970 876 3054 perdocebunt
896 2984 1015 3056 quanta
1033 2972 1096 3036 siut
1118 2969 1271 3057 prohibiti
1294 2969 1409 3033 amoris

451 3069 606 3133 incendia.
650 3071 709 3144 Et,
724 3070 749 3130 si
771 3070 878 3133 adhuc
900 3072 1075 3153 perfectius
1097 3073 1258 3137 desideras
1277 3071 1407 3149 erudiri,

451 3180 482 3231 11
509 3167 564 3231 tibi
592 3166 749 3228 commissi
779 3166 891 3230 docere
922 3167 1073 3252 poterunt
1101 3174 1286 3239 sacerdotes.
1334 3176 1407 3257 Ago

451 3291 528 3361 ergo
542 3266 710 3331 devotione
733 3288 807 3351 quae
827 3266 968 3330 cohiberi
991 3291 1052 3332 non
1069 3284 1179 3354 ,potest
1198 3275 1408 3358 amplissimas

452 3370 582 3457 gratias,
598 3382 704 3433 certus
723 3368 809 3453 quod
826 3366 881 3454 qui
902 3367 1032 3434 calicem
1047 3393 1141 3455 aquae
1163 3372 1290 3455 frigidae
1305 3398 1409 3440 remu-

450 3486 539 3537 nerat
562 3471 703 3556 praemiis
728 3468 936 3555 sempiternis,
963 3483 995 3534 et
1021 3471 1073 3535 hic
1099 3472 1158 3536 tibi
1183 3473 1280 3559 juxta
1311 3476 1405 3539 fidem
1446 3529 1449 3538 .

452 3572 606 3659 evangelii
618 3570 804 3657 centuplum
816 3571 938 3652 reddet,
949 3583 980 3637 et
992 3572 1023 3636 in
1036 3574 1147 3637 futuro
1158 3574 1285 3661 pietatis
1296 3577 1408 3642 merita

451 3674 625 3737 coronabit.
671 3675 716 3736 Et
743 3674 872 3758 quidem
898 3698 970 3761 spes
992 3688 1039 3740 est
1063 3676 1151 3762 quod
1173 3677 1310 3763 procella
1332 3701 1407 3763 quae

451 3775 563 3838 tandiu
579 3774 695 3839 collisit
716 3775 889 3851 ecclesiam,
906 3778 1104 3842 serenabitur
1118 3786 1151 3841 in
1167 3777 1270 3843 brevi:
1303 3793 1335 3844 et
1352 3775 1409 3864 qui

451 3896 520 3937 eam
537 3874 748 3938 turbaverunt
765 3876 805 3939 ab
821 3875 971 3959 aquilone
982 3891 1014 3942 et
1030 3880 1203 3955 occidente,
1215 3880 1284 3966 jam
1300 3880 1407 3945 videu-

452 3976 556 4041 turin
580 3974 664 4039 illius
683 3974 808 4059 judicio
830 3978 992 4040 conveniri
1016 3979 1070 4063 qui
1093 3995 1238 4065 potentes
1258 3996 1405 4068 potenter

451 4076 555 4161 punit,
578 4089 609 4140 11
633 4076 738 4139 aufert
769 4079 917 4162 spiritum
945 4076 1138 4165 principum.
1183 4084 1258 4145 Jam
1284 4083 1341 4169 qui
1367 4082 1408 4146 ab

454 4178 550 4242 Italia
561 4176 729 4266 proscripti
741 4178 868 4244 fuerant
883 4180 1063 4245 redierunt:
1082 4182 1299 4248 schismaticus
1313 4206 1409 4247 exau-

454 4293 568 4361 gustus
583 4279 722 4366 turpiter
734 4292 765 4343 et
781 4279 988 4362 ignominiose
1004 4283 1221 4366 perturbatus,
1232 4283 1362 4369 fugatus
1378 4296 1409 4350 et

451 4381 600 4446 exclusus
621 4395 702 4446 1111
726 4381 931 4459 Lumbardis,
947 4381 979 4445 in
997 4384 1131 4447 transitu
1147 4406 1235 4449 suam
1258 4384 1404 4448 turbavit
