3734 5484
468 796 532 854 220
734 806 869 851 sommis
886 802 1158 851 sinnsnsnmnsrs
1323 783 1369 857 [s.
1388 799 1423 843 o.

467 956 530 1021 illis
556 956 657 1019 forma
684 957 870 1040 praeseripta
891 968 938 1019 est
961 955 1053 1040 cujus
1077 954 1156 1016 fines
1181 949 1333 1013 excedere
1355 970 1420 1011 non

467 1057 644 1133 audebunt,
661 1058 735 1143 quia
758 1057 874 1121 adhoc
892 1058 1076 1141 juramento
1097 1052 1209 1117 arctati
1233 1065 1319 1128 sunt,
1340 1049 1421 1113 adeo

467 1158 596 1244 quidem
618 1171 655 1222 ut
674 1158 758 1244 jussi
775 1160 849 1235 sint,
865 1158 923 1221 nisi
940 1180 1017 1242 pace
1033 1156 1213 1230 reformata,
1229 1153 1263 1216 in
1279 1165 1383 1217 totum
1399 1176 1419 1217 a

467 1260 549 1345 regis
576 1260 760 1324 muneribus
786 1261 955 1334 abstinere,
983 1270 1019 1322 ut
1046 1280 1103 1320 nec
1133 1268 1281 1341 sumptus
1309 1255 1350 1318 ab
1379 1278 1417 1317 eo

466 1364 605 1445 recipere
630 1361 867 1447 permittantur.
914 1360 1107 1444 Loquantur
1132 1356 1185 1419 alii
1211 1355 1298 1440 quod
1327 1354 1415 1419 volu-

465 1462 559 1540 erint,
573 1461 651 1525 mihi
667 1483 738 1546 spes
752 1461 877 1525 interim
904 1459 989 1544 pacis
1004 1460 1104 1544 major
1128 1470 1187 1529 est,
1204 1479 1298 1542 quam
1323 1469 1417 1521 antea

464 1562 571 1628 suerit.
619 1564 701 1626 Nam
717 1575 749 1626 et
764 1563 795 1626 in
812 1562 930 1627 morbis
947 1584 1005 1647 per
1027 1573 1197 1643 arrgmenta
1212 1558 1356 1622 dolorum
1373 1559 1414 1622 ad

465 1686 622 1727 summum
650 1664 838 1728 veniendum
864 1676 923 1737 est,
950 1674 987 1726 ut
1011 1661 1220 1725 invalescente
1246 1672 1358 1724 natura
1384 1674 1416 1724 et

464 1764 617 1828 defaecata
632 1767 834 1851 corruptione
854 1765 938 1827 salus
961 1777 993 1827 et
1015 1762 1215 1826 incolumitas
1240 1774 1414 1847 reparetur.

464 1866 509 1928 Et
526 1865 597 1928 licet
612 1865 713 1951 aliqui
729 1865 905 1949 glorientur
921 1889 954 1928 se
968 1888 987 1928 a
1002 1864 1131 1927 domino
1147 1886 1230 1949 papa
1241 1862 1415 1943 absolutos,

463 1978 550 2029 certo
579 1970 697 2030 certius
727 1967 767 2030 sit
802 1967 888 2053 quod
925 1967 1081 2029 neminem
1111 1987 1219 2028 eorum
1255 1963 1411 2030 absolvit:

463 2067 584 2152 qnippe
596 2068 736 2131 nondum
750 2068 864 2153 ligatos
874 2080 1017 2145 noverat,
1029 2067 1084 2131 sed
1096 2090 1195 2152 quum
1207 2067 1412 2151 postmodum

462 2165 685 2231 itinerantibus
710 2168 910 2243 innotuisset,
933 2168 1014 2230 banc
1040 2168 1080 2230 de
1106 2189 1171 2251 qua
1197 2189 1280 2229 nunc
1306 2166 1413 2251 agitur

461 2264 557 2328 latam
589 2291 655 2330 esse
685 2270 883 2343 sententiam,
914 2268 1065 2331 remissus
1094 2282 1141 2333 est
1171 2269 1211 2331 ad
1248 2268 1413 2332 dominum
1466 2341 1478 2355 ⁶

461 2390 577 2453 papam
608 2369 804 2455 Radulphus
832 2369 1000 2435 archidiac.
1030 2370 1248 2435 Landavensis
1274 2384 1309 2435 ut
1338 2393 1411 2435 eum

461 2468 642 2534 sollicitaret
664 2476 954 2536 excommunicatos
975 2470 1155 2536 absolvere:
1185 2473 1239 2535 sed
1263 2494 1325 2536 non
1347 2495 1414 2536 cre-

460 2570 549 2634 ditur
574 2574 803 2639 exaudiendus.
843 2575 937 2651 Nam,
962 2587 997 2638 ut
1020 2586 1135 2637 caetera
1157 2586 1289 2654 taceam,
1311 2597 1343 2637 se
1365 2573 1412 2637 illi

460 2672 608 2738 dominus
631 2675 807 2740 Meldensis
821 2675 1011 2740 auctoritate
1028 2677 1127 2760 major
1150 2689 1181 2739 et
1198 2676 1273 2759 jure
1296 2674 1409 2760 potior,

459 2773 582 2837 viribus
597 2776 673 2838 totis
687 2790 836 2861 opponet.
875 2775 1038 2839 Audietur
1054 2790 1159 2839 autem
1176 2778 1208 2838 in
1224 2777 1323 2855 brevi,
1341 2780 1410 2841 Deo

458 2878 610 2962 propiti0,
634 2879 713 2962 quid
742 2902 815 2963 pars
840 2879 995 2944 alterutra
1022 2878 1072 2941 vel
1099 2893 1235 2963 utraque
1265 2878 1409 2962 proficiat

459 2997 562 3060 neque
578 2979 776 3054 nunciorum,
794 2981 849 3062 qui
861 2982 930 3064 jam
947 3004 1050 3065 usque
1067 2980 1321 3044 Autissiodorum
1339 3003 1410 3064 per-

458 3088 623 3152 venerunt,
653 3077 710 3139 diu
743 3092 894 3161 poterunt
930 3103 1042 3143 arcana
1077 3083 1185 3146 latere.
1246 3082 1407 3167 Siquidem

457 3174 661 3257 profectionis
679 3176 794 3252 exitus
810 3200 847 3240 eo
869 3180 957 3264 quod
976 3181 1042 3262 jam
1060 3183 1126 3244 fere
1148 3195 1345 3246 accesserunt
1367 3183 1410 3246 ad

456 3274 529 3338 illos
544 3295 679 3361 quorum
697 3278 856 3361 negotium
872 3280 997 3364 geritur
1011 3281 1043 3343 in
1062 3283 1171 3364 januis
1185 3296 1242 3347 est.
1289 3287 1354 3349 Res
1375 3285 1406 3348 in

458 3400 609 3465 suspenso
623 3379 678 3442 diu
695 3404 761 3445 esse
776 3402 837 3444 non
854 3384 979 3466 poterit.

500 3483 546 3546 Et
568 3482 642 3567 quia
663 3505 722 3567 pro
739 3496 806 3560 tuo,
822 3496 854 3548 et
878 3483 951 3569 quia
966 3497 1041 3549 tuus
1063 3497 1122 3560 est,
1139 3485 1313 3549 Exoniensi
1337 3510 1408 3551 meo

456 3583 644 3660 sollicitariS,
665 3584 789 3649 interim
813 3587 916 3671 probo
939 3587 1025 3672 quod
1048 3586 1134 3660 fecit,
1159 3588 1349 3653 subtrabens
1373 3613 1407 3653 se

455 3686 496 3747 ab
531 3688 878 3751 excommunicatorum
915 3690 1169 3775 participatione.
1232 3692 1406 3756 Indubium

455 3785 536 3847 enim
553 3798 600 3848 est
615 3788 693 3869 quin
710 3812 729 3850 a
746 3790 895 3853 fidelibus
918 3792 998 3857 tales
1019 3808 1165 3879 oporteat
1187 3793 1310 3869 evitari,
1326 3816 1405 3879 quo-

456 3908 557 3970 usque
582 3886 622 3948 de
648 3888 847 3953 absolutione
869 3894 1056 3957 constiterit.
1102 3896 1172 3958 Deo
1197 3895 1277 3958 enim
1306 3918 1404 3981 quam

454 3987 636 4051 homiuibus
670 3988 792 4051 obediri
828 3990 936 4071 potius
971 4007 1107 4077 oportet.
1169 3998 1263 4074 Quod
1300 4011 1404 4061 tamen

454 4090 635 4175 saepissime,
662 4092 835 4175 praesertim
861 4092 892 4155 in
922 4093 1050 4173 talibus,
1077 4096 1143 4160 sine
1173 4100 1315 4183 periculo
1342 4123 1403 4164 non

453 4194 628 4280 contingit:
661 4218 698 4257 eo
720 4194 807 4279 quod
823 4218 880 4282 per
899 4198 1015 4263 multas
1031 4198 1251 4266 tribulationes
1266 4204 1404 4268 intratur

452 4295 484 4355 in
501 4318 633 4378 regnum
655 4299 725 4362 Dei.
772 4299 854 4361 Haec
877 4312 938 4377 est,
953 4299 1068 4364 dilecte
1090 4302 1144 4380 mi,
1160 4306 1211 4367 via
1230 4306 1404 4389 justorum,

453 4394 520 4457 baec
536 4397 684 4480 purgatio
697 4398 860 4477 vitiorum,
874 4401 1030 4465 virtutum
1044 4402 1275 4481 conflatorium,
1289 4405 1404 4469 electos
