3734 5484
522 819 585 877 286
777 830 913 875 ioannis
928 829 1211 875 sanasnnnnrnsrs
1380 813 1425 892 [n.
1443 831 1476 875 n.

523 984 672 1068 majorem
702 982 797 1045 etiam
828 1004 900 1044 cum
931 980 1127 1066 irreparabili
1163 980 1329 1065 dispendio
1364 991 1477 1044 nostro

522 1083 612 1147 vobis
646 1087 794 1147 honorem
833 1082 984 1147 ridebitis
1019 1104 1085 1145 esse
1119 1080 1308 1146 exhibitum.
1369 1080 1476 1158 Scitis,

523 1200 623 1271 pater,
638 1186 714 1271 qnia
731 1207 788 1247 nos
808 1206 904 1269 supra
927 1183 1059 1247 modum
1082 1180 1238 1270 oppressit
1261 1182 1331 1245 dira
1352 1193 1383 1246 et
1402 1180 1475 1246 diu-

520 1299 616 1352 turns
630 1287 801 1351 calamitas.
845 1286 970 1351 Videtis
993 1308 1089 1372 quarn
1106 1285 1211 1349 tristia
1225 1284 1356 1360 fuerint,
1372 1306 1469 1370 quam

521 1387 698 1472 periculosa
719 1386 793 1463 sint,
812 1398 844 1449 et
867 1399 989 1471 quanto
1010 1384 1246 1471 periculosiora,
1270 1399 1307 1448 ut
1329 1384 1472 1463 timetur,

520 1486 704 1551 immineant
731 1500 884 1571 tempora.
945 1486 1092 1551 Occurrit
1122 1487 1345 1572 irreparabilis,
1375 1509 1472 1572 quarn

521 1590 613 1653 Deus
634 1602 768 1663 avertat,
794 1588 958 1662 desolatio,
979 1587 1147 1651 recidivam
1173 1610 1317 1651 veremur
1340 1600 1476 1673 tempes-

522 1704 631 1769 tatem,
644 1690 838 1774 grandisque
854 1689 1021 1755 necessitas
1036 1689 1183 1754 solatium
1207 1689 1365 1756 desiderat
1386 1690 1476 1755 festi.

521 1804 642 1853 natum.

565 1891 698 1955 Pietatis
723 1895 831 1977 itaque
856 1909 970 1956 vestrae
995 1891 1132 1978 pedibus
1162 1892 1324 1978 provoluti
1351 1890 1474 1977 snppli-

521 2015 629 2057 carnus
651 1994 813 2069 attentius,
829 2005 860 2057 et
885 2008 953 2058 tota
974 1996 1138 2059 nobiscum
1162 1994 1320 2081 supplicat
1342 1994 1473 2058 ecclesia

521 2095 707 2180 Anglicana,
724 2096 875 2182 quatinus
890 2097 1052 2182 provisum
1074 2120 1092 2160 a
1115 2101 1185 2161 Deo
1201 2096 1291 2161 nobis
1313 2108 1474 2182 pastorem

521 2197 598 2260 data
626 2195 824 2280 plenitudine
857 2197 1035 2281 potestatis,
1064 2209 1160 2282 prout
1191 2198 1340 2261 sanctitas
1369 2209 1473 2261 vestra

519 2295 633 2358 melius
649 2294 762 2358 viderit
778 2295 939 2381 expedire,
956 2298 1145 2361 auctoritate
1166 2298 1339 2382 apostolica
1360 2297 1473 2360 adver·

518 2419 573 2460 sus
582 2419 634 2459 eos
645 2396 702 2479 qui
712 2397 818 2459 ruinas
827 2396 1028 2460 ecclesiarum
1039 2411 1228 2484 perpetuare
1238 2399 1471 2476 machinantur,

519 2498 669 2561 roborare
689 2496 857 2581 dignetur:
891 2510 927 2562 ut
950 2499 1217 2583 praedecessorum
1238 2522 1380 2575 suornm,
1396 2522 1472 2585 apo-

520 2600 630 2664 stolico
659 2600 833 2663 munimine
862 2600 973 2676 fretus,
1001 2602 1175 2666 secundum
1205 2602 1293 2687 quod
1324 2603 1352 2665 ei
1382 2604 1473 2666 Deus
1542 2596 1547 2609 ¹

515 2703 728 2789 inspiraverit,
759 2702 889 2787 vestigia
919 2703 1022 2768 valeat
1054 2705 1180 2769 imitari.
1242 2705 1468 2790 Supplicamus

425 2862 428 2867 .
515 2807 645 2890 inquam
667 2827 734 2885 nos,
748 2804 877 2868 ecclesia
899 2805 1069 2892 supplicat,
1084 2807 1265 2893 supplicant
1287 2819 1319 2871 et
1341 2807 1469 2890 patroni

517 2907 656 2972 ecclcsiae
681 2919 797 2972 nost'rae
823 2906 950 2991 gloriosi
975 2921 1139 2997 martyres*
1157 2923 1188 2973 et
1211 2908 1414 2989 confessores,
1437 2921 1470 2971 et

516 3032 652 3073 consona
666 3032 742 3072 voce
756 3010 899 3073 omnium
915 3022 1043 3076 sanctus
1067 3011 1209 3075 Thomas
1224 3010 1317 3075 iterat
1333 3017 1365 3073 et
1386 3008 1469 3072 mul-

514 3109 637 3194 tiplicat
665 3130 781 3192 preces.
839 3114 949 3174 Donec
976 3112 1221 3175 sacratissimum
1247 3134 1301 3175 cor
1323 3123 1464 3175 vestrum

517 3209 650 3274 verbum
666 3209 795 3287 honum,
809 3210 943 3273 verbum
959 3213 1204 3277 consolatorium
1226 3213 1318 3278 nobis
1332 3224 1469 3288 eructet,

518 3310 665 3397 squalida
692 3309 817 3391 lugebit
847 3332 962 3395 sponsa
993 3312 1123 3389 Christi,
1149 3337 1207 3377 nec
1237 3328 1285 3377 est
1313 3316 1370 3398 qui
1399 3335 1469 3376 eam

518 3412 671 3476 consolari
697 3410 812 3487 valeat,
834 3410 934 3475 donec
960 3412 1133 3478 antistitem
1160 3436 1254 3477 suum
1281 3413 1411 3499 recipiat
1437 3416 1472 3478 in

517 3513 717 3599 plenitudine
732 3513 908 3596 potestatis.
953 3514 1038 3587 Quia
1053 3515 1149 3600 pedes
1163 3527 1284 3578 vestros
1299 3513 1472 3599 nequimus

519 3628 557 3680 ut
572 3613 730 3690 volumus,
743 3612 877 3677 lacrimis
893 3615 1069 3699 rigabimus
1083 3639 1180 3701 genas
1192 3631 1325 3693 nostras,
1338 3638 1394 3678 neo
1409 3614 1472 3679 erit

519 3717 564 3778 eis
585 3716 710 3800 requies
732 3715 942 3801 quoadusque
958 3741 1009 3782 eas
1034 3717 1103 3781 Deo
1126 3719 1294 3783 miserante
1309 3718 1471 3802 abstergat

519 3816 650 3880 dextera
665 3815 839 3881 clementias
857 3831 978 3881 vestrae.
