<?xml version="1.0" encoding="UTF-8"?>
<!DOCTYPE html PUBLIC "-//W3C//DTD XHTML 1.0 Transitional//EN"
    "http://www.w3.org/TR/xhtml1/DTD/xhtml1-transitional.dtd">
<html xmlns="http://www.w3.org/1999/xhtml" xml:lang="en" lang="en">
 <head>
  <title>
</title>
<meta http-equiv="Content-Type" content="text/html;charset=utf-8" />
  <meta name='ocr-system' content='tesseract 3.04.00' />
  <meta name='ocr-capabilities' content='ocr_page ocr_carea ocr_par ocr_line ocrx_word'/>
</head>
<body>
  <div class='ocr_page' id='page_1' title='image "./operaomnianuncp01johngoog_0248.png"; bbox 0 0 3734 5484; ppageno 0'>
   <div class='ocr_carea' id='block_1_1' title="bbox 506 794 1461 872">
    <p class='ocr_par' dir='ltr' id='par_1_1' title="bbox 506 794 1461 872">
     <span class='ocr_line' id='line_1_1' title="bbox 506 794 1461 872; baseline 0.004 -20"><span class='ocrx_word' id='word_1_1' title='bbox 506 794 569 852; x_wconf 72' lang='lat'><strong>2³0</strong></span> <span class='ocrx_word' id='word_1_2' title='bbox 765 806 903 851; x_wconf 72' lang='lat' dir='ltr'><strong>ioannis</strong></span> <span class='ocrx_word' id='word_1_3' title='bbox 920 806 1200 852; x_wconf 74' lang='lat' dir='ltr'><strong>saansannrnusrs</strong></span> <span class='ocrx_word' id='word_1_4' title='bbox 1364 798 1409 872; x_wconf 82' lang='lat' dir='ltr'><strong>[a.</strong></span> <span class='ocrx_word' id='word_1_5' title='bbox 1428 812 1461 856; x_wconf 85' lang='lat' dir='ltr'><strong>o.</strong></span> 
     </span>
    </p>
   </div>
   <div class='ocr_carea' id='block_1_2' title="bbox 465 955 1465 4185">
    <p class='ocr_par' dir='ltr' id='par_1_2' title="bbox 465 955 1465 4185">
     <span class='ocr_line' id='line_1_2' title="bbox 507 955 1465 1032; baseline 0.005 -14"><span class='ocrx_word' id='word_1_6' title='bbox 507 956 601 1019; x_wconf 91' lang='lat' dir='ltr'><strong>nimis</strong></span> <span class='ocrx_word' id='word_1_7' title='bbox 629 955 749 1020; x_wconf 91' lang='lat' dir='ltr'><strong>oblitus</strong></span> <span class='ocrx_word' id='word_1_8' title='bbox 774 969 839 1021; x_wconf 89' lang='lat' dir='ltr'><strong>est:</strong></span> <span class='ocrx_word' id='word_1_9' title='bbox 869 969 913 1032; x_wconf 91' lang='lat' dir='ltr'><strong>et,</strong></span> <span class='ocrx_word' id='word_1_10' title='bbox 938 957 1014 1021; x_wconf 89' lang='lat' dir='ltr'><strong>dum</strong></span> <span class='ocrx_word' id='word_1_11' title='bbox 1045 958 1180 1021; x_wconf 91' lang='lat' dir='ltr'><strong>inimicis</strong></span> <span class='ocrx_word' id='word_1_12' title='bbox 1206 957 1342 1022; x_wconf 87' lang='lat' dir='ltr'><strong>ecclesiae</strong></span> <span class='ocrx_word' id='word_1_13' title='bbox 1369 960 1465 1023; x_wconf 89' lang='lat' dir='ltr'><strong>vehe-</strong></span> 
     </span>
     <span class='ocr_line' id='line_1_3' title="bbox 507 1058 1463 1143; baseline 0.006 -23"><span class='ocrx_word' id='word_1_14' title='bbox 507 1058 645 1121; x_wconf 86' lang='lat' dir='ltr'><strong>mentius</strong></span> <span class='ocrx_word' id='word_1_15' title='bbox 669 1059 773 1134; x_wconf 83' lang='lat' dir='ltr'>cessit,</span> <span class='ocrx_word' id='word_1_16' title='bbox 797 1058 930 1143; x_wconf 89' lang='lat' dir='ltr'><strong>speciem</strong></span> <span class='ocrx_word' id='word_1_17' title='bbox 953 1059 1060 1123; x_wconf 90' lang='lat' dir='ltr'><strong>induit</strong></span> <span class='ocrx_word' id='word_1_18' title='bbox 1083 1059 1211 1124; x_wconf 90' lang='lat' dir='ltr'><strong>inimici.</strong></span> <span class='ocrx_word' id='word_1_19' title='bbox 1258 1061 1325 1123; x_wconf 90' lang='lat' dir='ltr'><strong>Nec</strong></span> <span class='ocrx_word' id='word_1_20' title='bbox 1348 1061 1463 1126; x_wconf 86' lang='lat' dir='ltr'><strong>dubito</strong></span> 
     </span>
     <span class='ocr_line' id='line_1_4' title="bbox 465 1158 1463 1246; baseline 0.004 -24"><span class='ocrx_word' id='word_1_21' title='bbox 465 1193 470 1201; x_wconf 84' lang='lat'>.</span> <span class='ocrx_word' id='word_1_22' title='bbox 507 1159 583 1244; x_wconf 91' lang='lat' dir='ltr'><strong>quin</strong></span> <span class='ocrx_word' id='word_1_23' title='bbox 599 1159 667 1243; x_wconf 89' lang='lat' dir='ltr'><strong>ipse</strong></span> <span class='ocrx_word' id='word_1_24' title='bbox 683 1158 741 1222; x_wconf 91' lang='lat' dir='ltr'><strong>sibi</strong></span> <span class='ocrx_word' id='word_1_25' title='bbox 756 1158 834 1221; x_wconf 90' lang='lat' dir='ltr'><strong>dum</strong></span> <span class='ocrx_word' id='word_1_26' title='bbox 856 1158 924 1223; x_wconf 84' lang='lat' dir='ltr'><strong>haec</strong></span> <span class='ocrx_word' id='word_1_27' title='bbox 946 1172 1070 1243; x_wconf 82' lang='lat' dir='ltr'>gereret</span> <span class='ocrx_word' id='word_1_28' title='bbox 1091 1159 1283 1245; x_wconf 84' lang='lat' dir='ltr'>displiceret,</span> <span class='ocrx_word' id='word_1_29' title='bbox 1300 1161 1353 1225; x_wconf 89' lang='lat' dir='ltr'><strong>sed</strong></span> <span class='ocrx_word' id='word_1_30' title='bbox 1370 1164 1463 1246; x_wconf 80' lang='lat' dir='ltr'>quasi</span> 
     </span>
     <span class='ocr_line' id='line_1_5' title="bbox 506 1260 1463 1346; baseline 0.004 -21"><span class='ocrx_word' id='word_1_31' title='bbox 506 1261 627 1325; x_wconf 90' lang='lat' dir='ltr'><strong>invitus</strong></span> <span class='ocrx_word' id='word_1_32' title='bbox 646 1260 862 1346; x_wconf 88' lang='lat' dir='ltr'><strong>insipientium</strong></span> <span class='ocrx_word' id='word_1_33' title='bbox 885 1261 1077 1326; x_wconf 89' lang='lat' dir='ltr'><strong>clamoribus</strong></span> <span class='ocrx_word' id='word_1_34' title='bbox 1099 1262 1293 1346; x_wconf 79' lang='lat' dir='ltr'><strong>agitabatur,</strong></span> <span class='ocrx_word' id='word_1_35' title='bbox 1310 1278 1342 1328; x_wconf 92' lang='lat' dir='ltr'><strong>et</strong></span> <span class='ocrx_word' id='word_1_36' title='bbox 1359 1265 1463 1329; x_wconf 88' lang='lat' dir='ltr'><strong>trahe-</strong></span> 
     </span>
     <span class='ocr_line' id='line_1_6' title="bbox 508 1360 1462 1447; baseline 0.005 -22"><span class='ocrx_word' id='word_1_37' title='bbox 508 1361 603 1425; x_wconf 88' lang='lat' dir='ltr'><strong>batur</strong></span> <span class='ocrx_word' id='word_1_38' title='bbox 631 1360 782 1425; x_wconf 84' lang='lat' dir='ltr'><strong>funiculis</strong></span> <span class='ocrx_word' id='word_1_39' title='bbox 816 1360 999 1445; x_wconf 90' lang='lat' dir='ltr'><strong>impiorum.</strong></span> <span class='ocrx_word' id='word_1_40' title='bbox 1054 1360 1206 1447; x_wconf 75' lang='lat' dir='ltr'><strong>adjicitis</strong></span> <span class='ocrx_word' id='word_1_41' title='bbox 1240 1376 1277 1427; x_wconf 91' lang='lat' dir='ltr'><strong>ut</strong></span> <span class='ocrx_word' id='word_1_42' title='bbox 1314 1363 1462 1430; x_wconf 85' lang='lat' dir='ltr'><strong>domiuus</strong></span> 
     </span>
     <span class='ocr_line' id='line_1_7' title="bbox 507 1462 1459 1549; baseline 0.003 -22"><span class='ocrx_word' id='word_1_43' title='bbox 507 1463 660 1527; x_wconf 85' lang='lat' dir='ltr'><strong>Cantuar.</strong></span> <span class='ocrx_word' id='word_1_44' title='bbox 690 1474 836 1526; x_wconf 89' lang='lat' dir='ltr'><strong>occurrat</strong></span> <span class='ocrx_word' id='word_1_45' title='bbox 873 1462 1036 1526; x_wconf 89' lang='lat' dir='ltr'><strong>nominato</strong></span> <span class='ocrx_word' id='word_1_46' title='bbox 1071 1462 1215 1547; x_wconf 87' lang='lat' dir='ltr'><strong>superius</strong></span> <span class='ocrx_word' id='word_1_47' title='bbox 1247 1463 1398 1549; x_wconf 83' lang='lat' dir='ltr'><strong>episcopo</strong></span> <span class='ocrx_word' id='word_1_48' title='bbox 1427 1478 1459 1531; x_wconf 88' lang='lat' dir='ltr'><strong>ct</strong></span> 
     </span>
     <span class='ocr_line' id='line_1_8' title="bbox 507 1563 1462 1650; baseline 0.006 -25"><span class='ocrx_word' id='word_1_49' title='bbox 507 1563 675 1628; x_wconf 87' lang='lat' dir='ltr'><strong>archidiac.</strong></span> <span class='ocrx_word' id='word_1_50' title='bbox 691 1566 844 1630; x_wconf 84' lang='lat' dir='ltr'><strong>Cantuar.</strong></span> <span class='ocrx_word' id='word_1_51' title='bbox 860 1565 953 1648; x_wconf 90' lang='lat' dir='ltr'><strong>quasi</strong></span> <span class='ocrx_word' id='word_1_52' title='bbox 968 1564 1059 1630; x_wconf 91' lang='lat' dir='ltr'><strong>illum</strong></span> <span class='ocrx_word' id='word_1_53' title='bbox 1079 1578 1267 1650; x_wconf 88' lang='lat' dir='ltr'><strong>recepturus</strong></span> <span class='ocrx_word' id='word_1_54' title='bbox 1283 1567 1326 1630; x_wconf 89' lang='lat' dir='ltr'><strong>sit</strong></span> <span class='ocrx_word' id='word_1_55' title='bbox 1342 1566 1462 1631; x_wconf 89' lang='lat' dir='ltr'><strong>nedum</strong></span> 
     </span>
     <span class='ocr_line' id='line_1_9' title="bbox 506 1664 1461 1750; baseline 0.006 -23"><span class='ocrx_word' id='word_1_56' title='bbox 506 1664 535 1727; x_wconf 88' lang='lat' dir='ltr'><strong>ei</strong></span> <span class='ocrx_word' id='word_1_57' title='bbox 549 1687 750 1743; x_wconf 86' lang='lat' dir='ltr'><strong>occursurus,</strong></span> <span class='ocrx_word' id='word_1_58' title='bbox 765 1688 860 1750; x_wconf 87' lang='lat' dir='ltr'><strong>quern</strong></span> <span class='ocrx_word' id='word_1_59' title='bbox 875 1665 944 1750; x_wconf 91' lang='lat' dir='ltr'><strong>ipse</strong></span> <span class='ocrx_word' id='word_1_60' title='bbox 960 1666 1090 1730; x_wconf 86' lang='lat' dir='ltr'>solemni</span> <span class='ocrx_word' id='word_1_61' title='bbox 1101 1665 1461 1733; x_wconf 88' lang='lat' dir='ltr'><strong>anathematecondem-</strong></span> 
     </span>
     <span class='ocr_line' id='line_1_10' title="bbox 507 1767 1462 1856; baseline 0.005 -26"><span class='ocrx_word' id='word_1_62' title='bbox 507 1767 607 1845; x_wconf 91' lang='lat' dir='ltr'><strong>navit,</strong></span> <span class='ocrx_word' id='word_1_63' title='bbox 623 1770 877 1852; x_wconf 79' lang='lat' dir='ltr'><strong>sententiamque</strong></span> <span class='ocrx_word' id='word_1_64' title='bbox 899 1768 930 1832; x_wconf 91' lang='lat' dir='ltr'><strong>in</strong></span> <span class='ocrx_word' id='word_1_65' title='bbox 955 1791 1028 1831; x_wconf 91' lang='lat' dir='ltr'><strong>eum</strong></span> <span class='ocrx_word' id='word_1_66' title='bbox 1051 1768 1148 1832; x_wconf 90' lang='lat' dir='ltr'><strong>latam</strong></span> <span class='ocrx_word' id='word_1_67' title='bbox 1171 1768 1370 1834; x_wconf 87' lang='lat' dir='ltr'><strong>confirmavit</strong></span> <span class='ocrx_word' id='word_1_68' title='bbox 1385 1793 1462 1856; x_wconf 90' lang='lat' dir='ltr'><strong>apo-</strong></span> 
     </span>
     <span class='ocr_line' id='line_1_11' title="bbox 506 1868 1460 1957; baseline 0.007 -26"><span class='ocrx_word' id='word_1_69' title='bbox 506 1869 618 1933; x_wconf 89' lang='lat' dir='ltr'><strong>stolica</strong></span> <span class='ocrx_word' id='word_1_70' title='bbox 631 1869 732 1931; x_wconf 86' lang='lat' dir='ltr'><strong>sedes.</strong></span> <span class='ocrx_word' id='word_1_71' title='bbox 774 1870 897 1955; x_wconf 92' lang='lat' dir='ltr'><strong>Utique</strong></span> <span class='ocrx_word' id='word_1_72' title='bbox 918 1870 1033 1934; x_wconf 91' lang='lat' dir='ltr'><strong>mirum</strong></span> <span class='ocrx_word' id='word_1_73' title='bbox 1049 1870 1138 1934; x_wconf 88' lang='lat' dir='ltr'><strong>ducit</strong></span> <span class='ocrx_word' id='word_1_74' title='bbox 1159 1868 1246 1955; x_wconf 91' lang='lat' dir='ltr'><strong>quod</strong></span> <span class='ocrx_word' id='word_1_75' title='bbox 1262 1872 1291 1934; x_wconf 88' lang='lat' dir='ltr'><strong>ei</strong></span> <span class='ocrx_word' id='word_1_76' title='bbox 1306 1872 1460 1957; x_wconf 85' lang='lat' dir='ltr'><strong>praefatus</strong></span> 
     </span>
     <span class='ocr_line' id='line_1_12' title="bbox 508 1968 1461 2055; baseline 0.005 -24"><span class='ocrx_word' id='word_1_77' title='bbox 508 1968 666 2052; x_wconf 84' lang='lat' dir='ltr'><strong>Sagiensis</strong></span> <span class='ocrx_word' id='word_1_78' title='bbox 687 1982 718 2033; x_wconf 89' lang='lat' dir='ltr'><strong>et</strong></span> <span class='ocrx_word' id='word_1_79' title='bbox 741 1969 795 2034; x_wconf 89' lang='lat' dir='ltr'><strong>alii</strong></span> <span class='ocrx_word' id='word_1_80' title='bbox 811 1969 1006 2035; x_wconf 88' lang='lat' dir='ltr'><strong>venerabiles</strong></span> <span class='ocrx_word' id='word_1_81' title='bbox 1027 1970 1086 2033; x_wconf 85' lang='lat' dir='ltr'><strong>viri</strong></span> <span class='ocrx_word' id='word_1_82' title='bbox 1109 1969 1233 2055; x_wconf 87' lang='lat' dir='ltr'><strong>praelati</strong></span> <span class='ocrx_word' id='word_1_83' title='bbox 1256 1970 1461 2036; x_wconf 87' lang='lat' dir='ltr'><strong>ecelesiarum</strong></span> 
     </span>
     <span class='ocr_line' id='line_1_13' title="bbox 505 2068 1458 2155; baseline 0.001 -24"><span class='ocrx_word' id='word_1_84' title='bbox 505 2069 586 2133; x_wconf 87' lang='lat' dir='ltr'><strong>citra</strong></span> <span class='ocrx_word' id='word_1_85' title='bbox 605 2069 835 2133; x_wconf 88' lang='lat' dir='ltr'><strong>absolutionem</strong></span> <span class='ocrx_word' id='word_1_86' title='bbox 855 2069 1102 2150; x_wconf 88' lang='lat' dir='ltr'><strong>communicant,</strong></span> <span class='ocrx_word' id='word_1_87' title='bbox 1116 2068 1205 2155; x_wconf 92' lang='lat' dir='ltr'><strong>quod</strong></span> <span class='ocrx_word' id='word_1_88' title='bbox 1221 2092 1241 2132; x_wconf 87' lang='lat' dir='ltr'><strong>a</strong></span> <span class='ocrx_word' id='word_1_89' title='bbox 1255 2092 1287 2132; x_wconf 90' lang='lat' dir='ltr'><strong>se</strong></span> <span class='ocrx_word' id='word_1_90' title='bbox 1304 2070 1409 2134; x_wconf 90' lang='lat' dir='ltr'><strong>sciunt</strong></span> <span class='ocrx_word' id='word_1_91' title='bbox 1424 2071 1458 2133; x_wconf 93' lang='lat' dir='ltr'><strong>in</strong></span> 
     </span>
     <span class='ocr_line' id='line_1_14' title="bbox 504 2170 1462 2256; baseline 0.005 -24"><span class='ocrx_word' id='word_1_92' title='bbox 504 2170 648 2235; x_wconf 91' lang='lat' dir='ltr'><strong>districto</strong></span> <span class='ocrx_word' id='word_1_93' title='bbox 663 2172 806 2234; x_wconf 86' lang='lat' dir='ltr'><strong>examine</strong></span> <span class='ocrx_word' id='word_1_94' title='bbox 821 2170 1067 2256; x_wconf 89' lang='lat' dir='ltr'><strong>requirendum:</strong></span> <span class='ocrx_word' id='word_1_95' title='bbox 1089 2185 1120 2235; x_wconf 89' lang='lat' dir='ltr'><strong>et</strong></span> <span class='ocrx_word' id='word_1_96' title='bbox 1135 2171 1268 2236; x_wconf 83' lang='lat' dir='ltr'><strong>sortasse</strong></span> <span class='ocrx_word' id='word_1_97' title='bbox 1283 2172 1315 2234; x_wconf 93' lang='lat' dir='ltr'><strong>in</strong></span> <span class='ocrx_word' id='word_1_98' title='bbox 1331 2171 1462 2237; x_wconf 87' lang='lat' dir='ltr'><strong>ecclesia</strong></span> 
     </span>
     <span class='ocr_line' id='line_1_15' title="bbox 506 2270 1460 2357; baseline 0.003 -22"><span class='ocrx_word' id='word_1_99' title='bbox 506 2274 656 2357; x_wconf 82' lang='lat' dir='ltr'><strong>praesenti</strong></span> <span class='ocrx_word' id='word_1_100' title='bbox 672 2293 732 2333; x_wconf 91' lang='lat' dir='ltr'><strong>non</strong></span> <span class='ocrx_word' id='word_1_101' title='bbox 749 2270 879 2334; x_wconf 90' lang='lat' dir='ltr'><strong>dabitur</strong></span> <span class='ocrx_word' id='word_1_102' title='bbox 900 2270 1065 2336; x_wconf 87' lang='lat' dir='ltr'><strong>oblivioni.</strong></span> <span class='ocrx_word' id='word_1_103' title='bbox 1110 2274 1209 2338; x_wconf 83' lang='lat' dir='ltr'><strong>Certo</strong></span> <span class='ocrx_word' id='word_1_104' title='bbox 1224 2286 1330 2336; x_wconf 91' lang='lat' dir='ltr'><strong>tamen</strong></span> <span class='ocrx_word' id='word_1_105' title='bbox 1345 2276 1460 2338; x_wconf 86' lang='lat' dir='ltr'><strong>certius</strong></span> 
     </span>
     <span class='ocr_line' id='line_1_16' title="bbox 507 2370 1463 2458; baseline 0 -23"><span class='ocrx_word' id='word_1_106' title='bbox 507 2384 569 2446; x_wconf 84' lang='lat' dir='ltr'><strong>eat,</strong></span> <span class='ocrx_word' id='word_1_107' title='bbox 581 2370 667 2455; x_wconf 91' lang='lat' dir='ltr'><strong>quod</strong></span> <span class='ocrx_word' id='word_1_108' title='bbox 681 2384 745 2433; x_wconf 88' lang='lat' dir='ltr'><strong>tam</strong></span> <span class='ocrx_word' id='word_1_109' title='bbox 759 2370 943 2458; x_wconf 86' lang='lat' dir='ltr'><strong>episcopum</strong></span> <span class='ocrx_word' id='word_1_110' title='bbox 957 2371 1222 2445; x_wconf 89' lang='lat' dir='ltr'><strong>Loudoniensem‚</strong></span> <span class='ocrx_word' id='word_1_111' title='bbox 1234 2385 1266 2436; x_wconf 92' lang='lat' dir='ltr'><strong>et</strong></span> <span class='ocrx_word' id='word_1_112' title='bbox 1278 2384 1351 2437; x_wconf 89' lang='lat' dir='ltr'><strong>ante</strong></span> <span class='ocrx_word' id='word_1_113' title='bbox 1362 2372 1463 2436; x_wconf 91' lang='lat' dir='ltr'><strong>nomi-</strong></span> 
     </span>
     <span class='ocr_line' id='line_1_17' title="bbox 505 2471 1459 2561; baseline 0.004 -27"><span class='ocrx_word' id='word_1_114' title='bbox 505 2485 615 2537; x_wconf 87' lang='lat' dir='ltr'><strong>natum</strong></span> <span class='ocrx_word' id='word_1_115' title='bbox 630 2471 887 2536; x_wconf 84' lang='lat' dir='ltr'><strong>archidiaconum</strong></span> <span class='ocrx_word' id='word_1_116' title='bbox 910 2471 1058 2536; x_wconf 88' lang='lat' dir='ltr'><strong>domiuus</strong></span> <span class='ocrx_word' id='word_1_117' title='bbox 1075 2472 1312 2539; x_wconf 85' lang='lat' dir='ltr'><strong>Cantuariensis</strong></span> <span class='ocrx_word' id='word_1_118' title='bbox 1326 2485 1459 2561; x_wconf 85' lang='lat' dir='ltr'><strong>paterna</strong></span> 
     </span>
     <span class='ocr_line' id='line_1_18' title="bbox 505 2575 1459 2661; baseline 0 -22"><span class='ocrx_word' id='word_1_119' title='bbox 505 2579 624 2661; x_wconf 90' lang='lat' dir='ltr'><strong>pietate</strong></span> <span class='ocrx_word' id='word_1_120' title='bbox 640 2575 781 2660; x_wconf 90' lang='lat' dir='ltr'><strong>recipiet,</strong></span> <span class='ocrx_word' id='word_1_121' title='bbox 794 2587 827 2640; x_wconf 93' lang='lat' dir='ltr'><strong>et</strong></span> <span class='ocrx_word' id='word_1_122' title='bbox 841 2575 1066 2651; x_wconf 87' lang='lat' dir='ltr'><strong>consolabitur,</strong></span> <span class='ocrx_word' id='word_1_123' title='bbox 1082 2598 1121 2638; x_wconf 85' lang='lat' dir='ltr'><strong>ex</strong></span> <span class='ocrx_word' id='word_1_124' title='bbox 1144 2597 1210 2660; x_wconf 94' lang='lat' dir='ltr'><strong>quo</strong></span> <span class='ocrx_word' id='word_1_125' title='bbox 1225 2598 1257 2639; x_wconf 89' lang='lat' dir='ltr'><strong>se</strong></span> <span class='ocrx_word' id='word_1_126' title='bbox 1272 2576 1354 2641; x_wconf 85' lang='lat' dir='ltr'><strong>filios</strong></span> <span class='ocrx_word' id='word_1_127' title='bbox 1369 2576 1459 2641; x_wconf 90' lang='lat' dir='ltr'><strong>exbi-</strong></span> 
     </span>
     <span class='ocr_line' id='line_1_19' title="bbox 504 2673 1457 2760; baseline -0.001 -21"><span class='ocrx_word' id='word_1_128' title='bbox 504 2674 652 2739; x_wconf 89' lang='lat' dir='ltr'><strong>buerint:</strong></span> <span class='ocrx_word' id='word_1_129' title='bbox 691 2688 723 2739; x_wconf 91' lang='lat' dir='ltr'><strong>et</strong></span> <span class='ocrx_word' id='word_1_130' title='bbox 752 2697 860 2739; x_wconf 88' lang='lat' dir='ltr'><strong>omnes</strong></span> <span class='ocrx_word' id='word_1_131' title='bbox 895 2673 1194 2752; x_wconf 54' lang='lat' dir='ltr'><strong>excommunicatum</strong></span> <span class='ocrx_word' id='word_1_132' title='bbox 1224 2697 1306 2760; x_wconf 91' lang='lat' dir='ltr'><strong>quos</strong></span> <span class='ocrx_word' id='word_1_133' title='bbox 1335 2674 1457 2739; x_wconf 93' lang='lat' dir='ltr'><strong>absolvi</strong></span> 
     </span>
     <span class='ocr_line' id='line_1_20' title="bbox 502 2775 1457 2860; baseline 0 -19"><span class='ocrx_word' id='word_1_134' title='bbox 502 2777 628 2842; x_wconf 88' lang='lat' dir='ltr'><strong>licitum</strong></span> <span class='ocrx_word' id='word_1_135' title='bbox 642 2790 710 2859; x_wconf 85' lang='lat' dir='ltr'><strong>est,</strong></span> <span class='ocrx_word' id='word_1_136' title='bbox 725 2778 808 2842; x_wconf 84' lang='lat' dir='ltr'><strong>viam</strong></span> <span class='ocrx_word' id='word_1_137' title='bbox 831 2775 904 2839; x_wconf 87' lang='lat' dir='ltr'><strong>fidei</strong></span> <span class='ocrx_word' id='word_1_138' title='bbox 927 2777 1141 2860; x_wconf 79' lang='lat' dir='ltr'><strong>ingredientes</strong></span> <span class='ocrx_word' id='word_1_139' title='bbox 1163 2776 1293 2840; x_wconf 88' lang='lat' dir='ltr'><strong>sinceroe</strong></span> <span class='ocrx_word' id='word_1_140' title='bbox 1315 2776 1457 2841; x_wconf 84' lang='lat' dir='ltr'><strong>caritatis</strong></span> 
     </span>
     <span class='ocr_line' id='line_1_21' title="bbox 503 2877 1459 2965; baseline -0.002 -22"><span class='ocrx_word' id='word_1_141' title='bbox 503 2880 640 2943; x_wconf 87' lang='lat' dir='ltr'><strong>brachiis</strong></span> <span class='ocrx_word' id='word_1_142' title='bbox 654 2879 897 2965; x_wconf 87' lang='lat' dir='ltr'><strong>amplexabitur.</strong></span> <span class='ocrx_word' id='word_1_143' title='bbox 937 2877 1022 2955; x_wconf 84' lang='lat' dir='ltr'><strong>Quid</strong></span> <span class='ocrx_word' id='word_1_144' title='bbox 1038 2877 1160 2941; x_wconf 81' lang='lat' dir='ltr'><strong>multa?</strong></span> <span class='ocrx_word' id='word_1_145' title='bbox 1184 2877 1275 2942; x_wconf 92' lang='lat' dir='ltr'><strong>Nihil</strong></span> <span class='ocrx_word' id='word_1_146' title='bbox 1290 2890 1349 2954; x_wconf 91' lang='lat' dir='ltr'><strong>est,</strong></span> <span class='ocrx_word' id='word_1_147' title='bbox 1364 2878 1459 2942; x_wconf 89' lang='lat' dir='ltr'><strong>dum-</strong></span> 
     </span>
     <span class='ocr_line' id='line_1_22' title="bbox 503 2978 1458 3065; baseline 0 -22"><span class='ocrx_word' id='word_1_148' title='bbox 503 2981 599 3043; x_wconf 89' lang='lat' dir='ltr'><strong>modo</strong></span> <span class='ocrx_word' id='word_1_149' title='bbox 613 2981 754 3046; x_wconf 92' lang='lat' dir='ltr'><strong>conditio</strong></span> <span class='ocrx_word' id='word_1_150' title='bbox 768 2981 907 3044; x_wconf 77' lang='lat' dir='ltr'><strong>ecclesiae</strong></span> <span class='ocrx_word' id='word_1_151' title='bbox 926 3001 987 3043; x_wconf 92' lang='lat' dir='ltr'><strong>non</strong></span> <span class='ocrx_word' id='word_1_152' title='bbox 1008 2979 1156 3058; x_wconf 87' lang='lat' dir='ltr'><strong>laedatur,</strong></span> <span class='ocrx_word' id='word_1_153' title='bbox 1170 2978 1259 3065; x_wconf 93' lang='lat' dir='ltr'><strong>quod</strong></span> <span class='ocrx_word' id='word_1_154' title='bbox 1279 3001 1343 3043; x_wconf 90' lang='lat' dir='ltr'><strong>non</strong></span> <span class='ocrx_word' id='word_1_155' title='bbox 1359 2979 1400 3044; x_wconf 90' lang='lat' dir='ltr'><strong>sit</strong></span> <span class='ocrx_word' id='word_1_156' title='bbox 1415 2978 1458 3043; x_wconf 87' lang='lat' dir='ltr'><strong>ad</strong></span> 
     </span>
     <span class='ocr_line' id='line_1_23' title="bbox 504 3080 1459 3166; baseline 0.003 -25"><span class='ocrx_word' id='word_1_157' title='bbox 504 3085 698 3145; x_wconf 88' lang='lat' dir='ltr'><strong>voluntatem</strong></span> <span class='ocrx_word' id='word_1_158' title='bbox 720 3080 841 3143; x_wconf 91' lang='lat' dir='ltr'><strong>domini</strong></span> <span class='ocrx_word' id='word_1_159' title='bbox 862 3084 947 3165; x_wconf 85' lang='lat' dir='ltr'><strong>regis</strong></span> <span class='ocrx_word' id='word_1_160' title='bbox 969 3094 1100 3165; x_wconf 88' lang='lat' dir='ltr'><strong>paratus</strong></span> <span class='ocrx_word' id='word_1_161' title='bbox 1122 3080 1264 3165; x_wconf 89' lang='lat' dir='ltr'><strong>implere,</strong></span> <span class='ocrx_word' id='word_1_162' title='bbox 1281 3083 1307 3144; x_wconf 93' lang='lat' dir='ltr'><strong>si</strong></span> <span class='ocrx_word' id='word_1_163' title='bbox 1321 3080 1459 3166; x_wconf 85' lang='lat' dir='ltr'><strong>gratiam</strong></span> 
     </span>
     <span class='ocr_line' id='line_1_24' title="bbox 502 3182 1457 3268; baseline -0.001 -22"><span class='ocrx_word' id='word_1_164' title='bbox 502 3183 572 3268; x_wconf 88' lang='lat' dir='ltr'><strong>ejus</strong></span> <span class='ocrx_word' id='word_1_165' title='bbox 602 3182 662 3246; x_wconf 90' lang='lat' dir='ltr'><strong>sibi</strong></span> <span class='ocrx_word' id='word_1_166' title='bbox 691 3193 723 3246; x_wconf 90' lang='lat' dir='ltr'><strong>et</strong></span> <span class='ocrx_word' id='word_1_167' title='bbox 752 3182 817 3246; x_wconf 90' lang='lat' dir='ltr'><strong>suis</strong></span> <span class='ocrx_word' id='word_1_168' title='bbox 846 3182 938 3266; x_wconf 90' lang='lat' dir='ltr'><strong>plene</strong></span> <span class='ocrx_word' id='word_1_169' title='bbox 968 3183 1098 3246; x_wconf 88' lang='lat' dir='ltr'><strong>senserit</strong></span> <span class='ocrx_word' id='word_1_170' title='bbox 1128 3183 1345 3247; x_wconf 81' lang='lat' dir='ltr'><strong>reformatam.</strong></span> <span class='ocrx_word' id='word_1_171' title='bbox 1390 3186 1457 3247; x_wconf 86' lang='lat' dir='ltr'><strong>Vos</strong></span> 
     </span>
     <span class='ocr_line' id='line_1_25' title="bbox 502 3282 1457 3367; baseline -0.003 -17"><span class='ocrx_word' id='word_1_172' title='bbox 502 3298 610 3350; x_wconf 86' lang='lat' dir='ltr'><strong>autem</strong></span> <span class='ocrx_word' id='word_1_173' title='bbox 631 3284 671 3352; x_wconf 91' lang='lat' dir='ltr'><strong>de</strong></span> <span class='ocrx_word' id='word_1_174' title='bbox 693 3296 808 3348; x_wconf 90' lang='lat' dir='ltr'><strong>caetero</strong></span> <span class='ocrx_word' id='word_1_175' title='bbox 827 3282 1032 3367; x_wconf 84' lang='lat' dir='ltr'><strong>negotiamini</strong></span> <span class='ocrx_word' id='word_1_176' title='bbox 1054 3283 1193 3361; x_wconf 87' lang='lat' dir='ltr'><strong>cautius,</strong></span> <span class='ocrx_word' id='word_1_177' title='bbox 1209 3297 1242 3349; x_wconf 91' lang='lat' dir='ltr'><strong>et</strong></span> <span class='ocrx_word' id='word_1_178' title='bbox 1257 3282 1457 3348; x_wconf 88' lang='lat' dir='ltr'><strong>absolutione</strong></span> 
     </span>
     <span class='ocr_line' id='line_1_26' title="bbox 502 3387 1459 3473; baseline -0.003 -22"><span class='ocrx_word' id='word_1_179' title='bbox 502 3388 638 3473; x_wconf 86' lang='lat' dir='ltr'><strong>quaesita</strong></span> <span class='ocrx_word' id='word_1_180' title='bbox 659 3388 854 3473; x_wconf 88' lang='lat' dir='ltr'><strong>diligentius,</strong></span> <span class='ocrx_word' id='word_1_181' title='bbox 870 3387 1216 3450; x_wconf 80' lang='lat' dir='ltr'><strong>excommunicatorum</strong></span> <span class='ocrx_word' id='word_1_182' title='bbox 1242 3387 1459 3471; x_wconf 86' lang='lat' dir='ltr'><strong>participatio-</strong></span> 
     </span>
     <span class='ocr_line' id='line_1_27' title="bbox 502 3486 1457 3562; baseline -0.004 -7"><span class='ocrx_word' id='word_1_183' title='bbox 502 3514 572 3555; x_wconf 88' lang='lat' dir='ltr'><strong>nem</strong></span> <span class='ocrx_word' id='word_1_184' title='bbox 590 3490 764 3555; x_wconf 87' lang='lat' dir='ltr'><strong>studiosius</strong></span> <span class='ocrx_word' id='word_1_185' title='bbox 779 3491 915 3562; x_wconf 87' lang='lat' dir='ltr'><strong>evitetis,</strong></span> <span class='ocrx_word' id='word_1_186' title='bbox 930 3489 992 3552; x_wconf 89' lang='lat' dir='ltr'><strong>nisi</strong></span> <span class='ocrx_word' id='word_1_187' title='bbox 1006 3488 1047 3551; x_wconf 91' lang='lat' dir='ltr'><strong>ab</strong></span> <span class='ocrx_word' id='word_1_188' title='bbox 1062 3488 1194 3551; x_wconf 90' lang='lat' dir='ltr'><strong>ecclesia</strong></span> <span class='ocrx_word' id='word_1_189' title='bbox 1205 3487 1311 3551; x_wconf 89' lang='lat' dir='ltr'><strong>velitis</strong></span> <span class='ocrx_word' id='word_1_190' title='bbox 1325 3486 1457 3551; x_wconf 88' lang='lat' dir='ltr'><strong>excludi</strong></span> 
     </span>
     <span class='ocr_line' id='line_1_28' title="bbox 501 3589 1454 3676; baseline -0.005 -20"><span class='ocrx_word' id='word_1_191' title='bbox 501 3595 606 3671; x_wconf 91' lang='lat' dir='ltr'><strong>citius,</strong></span> <span class='ocrx_word' id='word_1_192' title='bbox 631 3606 664 3656; x_wconf 91' lang='lat' dir='ltr'><strong>et</strong></span> <span class='ocrx_word' id='word_1_193' title='bbox 690 3614 764 3656; x_wconf 84' lang='lat' dir='ltr'><strong>cunr</strong></span> <span class='ocrx_word' id='word_1_194' title='bbox 790 3593 835 3655; x_wconf 88' lang='lat' dir='ltr'><strong>eis</strong></span> <span class='ocrx_word' id='word_1_195' title='bbox 860 3589 1071 3655; x_wconf 86' lang='lat' dir='ltr'><strong>anathematis</strong></span> <span class='ocrx_word' id='word_1_196' title='bbox 1097 3592 1235 3676; x_wconf 88' lang='lat' dir='ltr'><strong>recipere</strong></span> <span class='ocrx_word' id='word_1_197' title='bbox 1265 3590 1454 3672; x_wconf 88' lang='lat' dir='ltr'><strong>portionem.</strong></span> 
     </span>
     <span class='ocr_line' id='line_1_29' title="bbox 502 3687 1456 3780; baseline -0.003 -25"><span class='ocrx_word' id='word_1_198' title='bbox 502 3695 584 3757; x_wconf 85' lang='lat' dir='ltr'><strong>Sane</strong></span> <span class='ocrx_word' id='word_1_199' title='bbox 599 3692 780 3780; x_wconf 86' lang='lat' dir='ltr'><strong>praecedens</strong></span> <span class='ocrx_word' id='word_1_200' title='bbox 801 3695 894 3756; x_wconf 88' lang='lat' dir='ltr'><strong>ruina</strong></span> <span class='ocrx_word' id='word_1_201' title='bbox 908 3714 965 3755; x_wconf 87' lang='lat' dir='ltr'><strong>vos</strong></span> <span class='ocrx_word' id='word_1_202' title='bbox 987 3694 1144 3757; x_wconf 84' lang='lat' dir='ltr'><strong>cautiores</strong></span> <span class='ocrx_word' id='word_1_203' title='bbox 1160 3691 1337 3755; x_wconf 88' lang='lat' dir='ltr'><strong>reddidisse</strong></span> <span class='ocrx_word' id='word_1_204' title='bbox 1353 3687 1456 3763; x_wconf 82' lang='lat' dir='ltr'><strong>debu-</strong></span> 
     </span>
     <span class='ocr_line' id='line_1_30' title="bbox 502 3791 1457 3880; baseline -0.001 -23"><span class='ocrx_word' id='word_1_205' title='bbox 502 3808 581 3874; x_wconf 88' lang='lat' dir='ltr'><strong>erat,</strong></span> <span class='ocrx_word' id='word_1_206' title='bbox 605 3798 730 3879; x_wconf 88' lang='lat' dir='ltr'><strong>eritque</strong></span> <span class='ocrx_word' id='word_1_207' title='bbox 756 3796 918 3877; x_wconf 87' lang='lat' dir='ltr'><strong>sequentis</strong></span> <span class='ocrx_word' id='word_1_208' title='bbox 949 3798 1076 3878; x_wconf 89' lang='lat' dir='ltr'><strong>gravior</strong></span> <span class='ocrx_word' id='word_1_209' title='bbox 1106 3794 1277 3880; x_wconf 84' lang='lat' dir='ltr'><strong>reparatio,</strong></span> <span class='ocrx_word' id='word_1_210' title='bbox 1302 3795 1340 3869; x_wconf 89' lang='lat' dir='ltr'><strong>si,</strong></span> <span class='ocrx_word' id='word_1_211' title='bbox 1368 3791 1457 3877; x_wconf 91' lang='lat' dir='ltr'><strong>quod</strong></span> 
     </span>
     <span class='ocr_line' id='line_1_31' title="bbox 502 3896 1459 3979; baseline -0.004 -19"><span class='ocrx_word' id='word_1_212' title='bbox 502 3896 597 3972; x_wconf 88' lang='lat' dir='ltr'><strong>absit,</strong></span> <span class='ocrx_word' id='word_1_213' title='bbox 614 3907 687 3979; x_wconf 89' lang='lat' dir='ltr'><strong>post</strong></span> <span class='ocrx_word' id='word_1_214' title='bbox 703 3896 965 3957; x_wconf 89' lang='lat' dir='ltr'><strong>commonitiones</strong></span> <span class='ocrx_word' id='word_1_215' title='bbox 985 3905 1017 3957; x_wconf 91' lang='lat' dir='ltr'><strong>et</strong></span> <span class='ocrx_word' id='word_1_216' title='bbox 1034 3898 1177 3977; x_wconf 89' lang='lat' dir='ltr'><strong>pericula</strong></span> <span class='ocrx_word' id='word_1_217' title='bbox 1192 3896 1286 3959; x_wconf 89' lang='lat' dir='ltr'><strong>toties</strong></span> <span class='ocrx_word' id='word_1_218' title='bbox 1301 3896 1459 3957; x_wconf 88' lang='lat' dir='ltr'><strong>instructa</strong></span> 
     </span>
     <span class='ocr_line' id='line_1_32' title="bbox 500 3994 1457 4082; baseline -0.004 -21"><span class='ocrx_word' id='word_1_219' title='bbox 500 3998 649 4061; x_wconf 87' lang='lat' dir='ltr'><strong>discretio</strong></span> <span class='ocrx_word' id='word_1_220' title='bbox 666 4018 727 4059; x_wconf 90' lang='lat' dir='ltr'><strong>non</strong></span> <span class='ocrx_word' id='word_1_221' title='bbox 755 3994 960 4059; x_wconf 85' lang='lat' dir='ltr'><strong>declinaverit</strong></span> <span class='ocrx_word' id='word_1_222' title='bbox 982 4017 1101 4060; x_wconf 87' lang='lat' dir='ltr'><strong>casum.</strong></span> <span class='ocrx_word' id='word_1_223' title='bbox 1147 3998 1269 4082; x_wconf 89' lang='lat' dir='ltr'><strong>Optata</strong></span> <span class='ocrx_word' id='word_1_224' title='bbox 1283 3994 1383 4061; x_wconf 87' lang='lat' dir='ltr'><strong>salute</strong></span> <span class='ocrx_word' id='word_1_225' title='bbox 1399 4015 1457 4058; x_wconf 89' lang='lat' dir='ltr'><strong>vos</strong></span> 
     </span>
     <span class='ocr_line' id='line_1_33' title="bbox 499 4095 941 4185; baseline -0.005 -23"><span class='ocrx_word' id='word_1_226' title='bbox 499 4100 674 4184; x_wconf 86' lang='lat' dir='ltr'><strong>impertiar,</strong></span> <span class='ocrx_word' id='word_1_227' title='bbox 689 4118 791 4185; x_wconf 90' lang='lat' dir='ltr'><strong>quum</strong></span> <span class='ocrx_word' id='word_1_228' title='bbox 806 4095 941 4161; x_wconf 89' lang='lat' dir='ltr'><strong>licuerit.</strong></span> 
     </span>
    </p>
   </div>
   <div class='ocr_carea' id='block_1_3' title="bbox 0 0 1872 5484">
    <p class='ocr_par' dir='ltr' id='par_1_3' title="bbox 0 0 1872 5484">
     <span class='ocr_line' id='line_1_34' title="bbox 0 0 1872 5484; baseline 0 2"><span class='ocrx_word' id='word_1_229' title='bbox 0 0 1872 5484; x_wconf 95' lang='lat' dir='ltr'><strong> </strong></span> 
     </span>
    </p>
   </div>
  </div>
 </body>
</html>
