3734 5484
453 785 492 845 18
725 795 863 841 somnus
879 794 1158 841 stuusanrumrsrs
1310 771 1354 854 [a.
1370 790 1402 836 n.

451 951 617 1027 habentes,
644 959 677 1013 et
703 960 854 1031 putantes
882 951 989 1031 legem
1015 948 1091 1022 Dei,
1115 944 1196 1009 nihil
1220 944 1309 1007 aliud
1334 964 1404 1006 esse

451 1071 546 1134 quam
571 1051 677 1113 verba
722 1050 794 1112 Nos
819 1050 947 1113 interim
977 1050 1049 1112 Deo
1074 1048 1109 1110 in
1134 1045 1285 1110 omuibus
1311 1042 1406 1105 donis

455 1150 521 1213 suis
547 1150 664 1229 gratias
689 1149 824 1231 agimus,
846 1159 879 1213 et
900 1151 1040 1211 maxime
1063 1146 1152 1231 quod
1173 1166 1234 1208 nos
1257 1144 1408 1222 dignatus

454 1250 654 1313 oscillorum
678 1272 811 1313 numero
837 1270 1018 1332 aggregare,
1042 1248 1099 1331 qui
1125 1244 1408 1330 persequutionem

454 1372 512 1435 pro
521 1350 647 1435 justitia
661 1353 833 1434 patiuntur.
879 1350 1087 1434 Suscepimus
1103 1348 1143 1411 de
1158 1367 1256 1409 manu
1274 1340 1409 1407 Domini

457 1452 577 1529 dulcia,
592 1452 631 1516 de
654 1451 771 1536 quibus
793 1474 878 1535 saepe
893 1450 936 1519 ad
954 1449 1131 1533 perniciem
1154 1456 1295 1510 nostram
1317 1441 1408 1505 abusi
1490 1459 1496 1470 ·

457 1575 578 1617 sumus.
622 1555 728 1626 Quare
743 1564 775 1616 et
788 1555 829 1616 ab
845 1554 917 1637 ipso
941 1550 1162 1634 aequanimiter
1176 1569 1243 1610 non
1258 1542 1410 1626 suscipie-

459 1676 530 1717 mus
545 1676 651 1719 amara
672 1656 713 1718 ad
733 1655 938 1727 medicinam,
956 1654 987 1715 in
1008 1652 1188 1735 profectum
1209 1648 1317 1712 salutis
1338 1666 1412 1708 nos-

460 1754 537 1819 trael
561 1757 627 1818 sive
643 1755 785 1830 vivimus,
807 1756 872 1817 sire
894 1756 1055 1828 morimur,
1078 1752 1213 1814 Domini
1235 1768 1355 1825 sumna,
1376 1754 1413 1808 ut

458 1855 494 1919 id
509 1858 610 1918 solum
626 1857 692 1936 peti
708 1863 854 1936 oporteat
874 1856 916 1917 ab
937 1854 1050 1916 amicis
1070 1851 1220 1934 quatinus
1234 1850 1324 1912 exilii
1340 1868 1414 1910 nos-

462 1957 503 2019 tri
519 1957 685 2037 angustias
707 1955 1092 2017 sulevvent·oratiouibus
1107 1952 1184 2027 suis,
1198 1958 1312 2012 utnon
1336 1948 1413 2011 defi-

467 2059 532 2120 ciat
556 2056 640 2119 fides
667 2066 770 2133 notra,
795 2054 852 2117 sed
875 2054 916 2117 de
944 2054 1122 2117 afflictione
1145 2060 1255 2113 nostra
1279 2049 1414 2110 salutem
1479 2118 1490 2137 .

463 2159 556 2220 nobis
571 2168 604 2219 et
618 2158 776 2220 Ecclesiae
800 2176 913 2239 pacem
930 2168 961 2220 et
975 2156 1153 2218 libertatem
1169 2147 1415 2215 misericorditer

465 2267 620 2340 operetur.

498 2523 720 2587 EPISTOLA
743 2525 983 2590 exoli-n>
1006 2542 1178 2587 nrconnuu
1203 2542 1246 2586 ne
1270 2540 1384 2585 Monrn

697 2645 946 2689 uoroutonn'sr.
964 2627 1010 2706 [A.
1028 2647 1058 2689 n.
1079 2626 1185 2704 ll66.]

515 2806 614 2866 Joan.
630 2802 759 2867 Sorech.
776 2802 914 2865 Nicolao
929 2804 970 2865 de
985 2808 1090 2866 monte
1105 2804 1366 2884 Rotlromugerrsa'.
1415 2768 1419 2774 Ι

511 2962 635 3023 Noram
650 2963 886 3043 ingratitudinis
902 2964 976 3047 jure
991 2965 1160 3041 contrahit,
1176 2986 1271 3047 quem
1291 2963 1332 3027 ad
1346 2985 1418 3048 pro-

469 3059 655 3122 merendum
677 3081 816 3122 amorem
839 3074 872 3123 et
894 3063 1086 3145 obsequium
1109 3065 1338 3128 beneficiorum
1354 3086 1420 3127 me-

470 3159 570 3223 moria
580 3180 645 3221 non
657 3159 814 3222 accendit.
851 3162 896 3222 Et
907 3160 1037 3243 quidem
1049 3171 1138 3223 tanto
1150 3163 1277 3225 uberior
1288 3164 1421 3227 debetur

471 3260 583 3342 gratia,
598 3269 716 3344 quanto
732 3261 924 3323 cumulatius
939 3271 971 3322 et
984 3262 1177 3344 frequentius
1196 3262 1238 3323 ad
1252 3284 1313 3326 nee
1328 3267 1421 3329 meri·

471 3374 539 3426 tum
564 3384 626 3425 nec
652 3373 826 3425 merentem
849 3384 869 3425 a
895 3363 965 3425 sola
994 3361 1092 3425 divite
1118 3364 1424 3430 venaliberalitatis

471 3464 589 3526 innatae
611 3462 768 3525 beneficia
789 3472 1029 3546 praecesserunt.
1074 3462 1138 3526 Sed
1161 3463 1258 3542 undo,
1279 3466 1361 3528 mihi
1377 3467 1426 3530 di·

472 3566 568 3639 lecte,
583 3576 615 3628 et
629 3564 717 3628 omni
732 3564 804 3648 jure
821 3576 853 3627 et
868 3564 979 3627 merito
995 3563 1170 3647 diligende,
1185 3577 1222 3628 ut
1236 3566 1426 3632 humanitati

475 3677 537 3728 tuae
560 3667 722 3749 condigna
743 3666 941 3730 liberalitatis
964 3667 1224 3749 compensatione
1249 3669 1424 3752 responde·

475 3766 587 3830 amus?
611 3769 732 3845 Exulo,
747 3768 946 3851 proscriptus
956 3790 1039 3845 sum,
1054 3769 1226 3851 expositus
1234 3772 1427 3852 paupertati,

479 3867 716 3929 coexulantium
730 3866 810 3928 mihi
824 3868 926 3947 magis
948 3888 1043 3950 quam
1059 3868 1194 3950 propriis
1215 3869 1427 3933 incommodis

478 3987 602 4048 urgeor,
610 3976 768 4041 eteorum,
779 3989 851 4051 quae
859 3967 893 4030 in
904 3968 1217 4049 pressurisEcclesia
1226 3969 1289 4033 Dei
1300 3971 1427 4053 patitur,

479 4090 564 4132 ame
593 4068 675 4130 nihil
697 4079 811 4150 reputo
835 4070 986 4132 alienum.
1043 4065 1108 4131 Sed
1137 4070 1172 4132 in
1200 4073 1250 4135 his
1279 4073 1428 4136 omnibus

480 4171 586 4233 Deum
613 4170 693 4232 mihi
715 4170 888 4254 propitium
914 4172 1028 4248 sentio,
1054 4168 1147 4255 cujus
1169 4173 1306 4236 muneris
1328 4182 1428 4236 estut

482 4270 614 4332 exilium
625 4291 682 4352 pro
688 4270 813 4353 justitia
824 4272 956 4333 subeam
967 4271 1091 4334 libens:
1116 4271 1260 4354 rapinam
1271 4274 1428 4335 bonorum

482 4391 620 4434 meorum
644 4392 702 4454 pro
724 4371 802 4449 fide,
824 4373 851 4435 si
873 4372 1087 4436 necessarium
1104 4386 1160 4451 est,
1184 4373 1326 4454 gaudens
1340 4375 1429 4437 exci-
