3734 5484
455 801 516 860 156
717 812 853 857 sonuum
869 810 1141 857 saanssnnrnusrs
1307 795 1353 869 [a
1372 813 1404 855 n.

385 957 390 968 ’
453 962 561 1037 verbo,
571 984 628 1025 nec
638 961 797 1027 invitabar
812 962 976 1047 obsequio,
987 983 1045 1023 nec
1060 959 1183 1045 injuriis
1197 960 1403 1045 provocabar,

452 1063 512 1127 nisi
536 1063 595 1127 tibi
619 1087 717 1149 quem
741 1063 841 1149 diligo
863 1062 1002 1126 viderem
1029 1062 1206 1147 periculum
1232 1061 1404 1124 imminere.

453 1162 612 1226 Dominus
633 1163 716 1225 enim
733 1162 971 1228 Cantuariensis
994 1164 1095 1225 multa
1116 1162 1265 1245 proponit
1287 1174 1406 1225 contra.

453 1275 486 1325 te
502 1262 591 1345 juste
607 1275 644 1326 ut
659 1264 779 1336 asserit,
798 1263 872 1349 quia
887 1275 919 1326 et
940 1262 971 1324 in
992 1261 1137 1347 proprias
1160 1260 1305 1324 ecclesias
1325 1261 1404 1345 ejus,
1420 1247 1422 1252 ¹

453 1378 486 1429 et
508 1366 540 1428 in
565 1365 708 1429 homines
729 1365 843 1429 diceris
865 1364 966 1428 multa
985 1385 1188 1449 praesumere,
1201 1375 1232 1426 et
1256 1385 1328 1425 cum
1352 1386 1405 1425 ex-

455 1468 696 1532 commnnicatis
710 1468 786 1543 suis,
796 1467 853 1553 qui
864 1467 949 1552 juris
963 1478 1143 1551 exequutor
1158 1487 1224 1527 esse
1239 1464 1406 1542 debueraS,

455 1569 560 1655 palam
581 1572 822 1644 communicare,
839 1582 870 1632 et
895 1568 949 1632 ubi
971 1567 1076 1632 clerici
1096 1566 1137 1630 ad
1157 1565 1405 1651 redemptionem

455 1671 701 1757 compelluntur,
723 1671 874 1735 adhibere
899 1660 1086 1733 consensum
1110 1668 1160 1732 vel
1182 1667 1405 1732 dissimulatio·

457 1794 539 1845 nem,
563 1783 607 1850 et,
628 1771 716 1856 quod
738 1772 869 1854 gravius
888 1785 947 1848 est,
967 1769 1008 1833 ad
1031 1769 1234 1854 participium
1257 1790 1319 1831 non
1342 1780 1407 1831 tam

457 1872 538 1934 lucri
560 1893 655 1956 quam
676 1869 812 1933 sceleris.
858 1874 974 1955 Neque
994 1870 1076 1932 euim
1096 1870 1234 1933 absoluti
1256 1881 1330 1933 sunt
1350 1868 1408 1931 im-

457 1973 648 2056 poenitentes
667 1983 904 2056 perseverantes
923 1972 957 2033 in
979 1971 1093 2035 scelere
1108 1984 1140 2034 et
1156 1971 1322 2033 voluntate
1337 1994 1409 2056 pec-

456 2072 560 2136 candi.
620 2075 693 2136 Hoc
723 2094 861 2156 namque
898 2071 1040 2134 conferre
1069 2092 1126 2133 nec
1155 2070 1323 2134 cardinalis
1353 2093 1410 2134 neo

459 2173 653 2259 apostolicus
682 2173 810 2258 poterit.
863 2173 1019 2236 Sensisses
1047 2185 1152 2235 autem
1184 2172 1411 2255 indignationis

457 2274 529 2359 ejus
543 2272 680 2348 aculeos,
696 2272 755 2334 nisi
771 2272 886 2357 aliquis
909 2272 1082 2335 amicorum
1103 2285 1231 2339 tuorum
1247 2272 1324 2335 dato
1338 2295 1411 2335 con-

457 2374 528 2437 silio
552 2372 739 2438 obstitisset.
785 2375 865 2450 Quae
888 2373 913 2437 si
936 2397 955 2436 a
977 2385 1009 2436 te
1031 2373 1162 2436 moleste
1187 2386 1317 2458 accepta
1342 2396 1409 2436 esse

457 2495 647 2559 cognovero,
670 2474 710 2538 de
732 2487 765 2538 te
789 2475 876 2560 apud
899 2474 990 2539 illum
1014 2487 1046 2538 et
1068 2474 1154 2560 apud
1178 2487 1208 2538 te
1232 2474 1271 2538 de
1294 2489 1410 2539 caetero

457 2576 567 2641 silebo.

563 2699 626 2753 Non
636 2699 730 2768 longas
741 2700 859 2771 [medas]
871 2700 933 2754 solis
944 2701 1051 2769 regibus
1063 2718 1121 2753 esse
1131 2718 1237 2753 manus:

461 2826 535 2879 sunt
556 2812 638 2877 enirn
660 2825 692 2879 et
712 2811 917 2898 pontificibus
938 2812 1103 2897 longiores.
1149 2815 1307 2876 Dominus
1328 2814 1412 2878 Can-

460 2929 543 2979 tua1·.
570 2915 652 2979 sicut
677 2937 736 3000 pro
761 2938 828 2992 sua,
855 2917 900 2979 ita
923 2937 983 3000 pro
1009 2927 1065 2978 tua
1090 2927 1122 2978 et
1149 2915 1248 2978 totius
1274 2913 1411 2977 ecclesiae

459 3016 590 3078 dimicat
605 3016 866 3100 libertate‚quem
883 3017 1028 3102 persequi
1043 3040 1102 3101 pro
1113 3016 1169 3080 tali
1184 3039 1279 3081 causa
1294 3015 1410 3079 crimen

459 3112 645 3177 idololatriae
659 3126 716 3177 est.
762 3116 883 3179 Valete.

460 3419 681 3484 EPISTOLA
704 3419 940 3484 cumn-su
955 3438 1151 3484 usnrsrnnu
1175 3438 1409 3484 nannnurruu.

826 3523 870 3603 [a.
882 3542 912 3585 n.
932 3522 1041 3602 1168.]

699 3631 789 3735 Idem
803 3672 965 3755 Maqutro
981 3671 1168 3735 Laurentio.

507 3789 562 3848 Du
578 3808 708 3849 munere
722 3800 828 3851 vestro
842 3811 915 3851 caro
938 3802 970 3852 et
991 3788 1140 3872 glorioso,
1157 3788 1244 3874 quod
1260 3788 1337 3851 mihi
1358 3811 1414 3873 per

463 3909 664 3951 communem
686 3891 822 3952 amicum
850 3903 993 3953 nostrum
1016 3892 1211 3974 Magistrum
1238 3890 1415 3954 scholarum

464 3988 692 4066 transmisistis,
701 3988 884 4053 liberalitati
896 4002 1008 4053 vestrae
1019 3991 1137 4074 gratias
1153 4015 1226 4077 ago,
1235 3991 1416 4055 desiderans

465 4103 502 4155 ut
517 4092 546 4155 ei
561 4093 756 4176 quandoque
770 4091 902 4167 valeam,
918 4104 1016 4176 prout
1037 4092 1134 4176 gestit
1149 4093 1273 4157 animus
1288 4116 1417 4178 respon-

464 4190 550 4257 dere.
589 4193 634 4256 Et
649 4214 740 4278 spero
756 4190 855 4278 quod,
868 4213 925 4277 per
939 4191 1074 4277 gratiam
1091 4192 1163 4273 Dei,
1173 4193 1264 4257 nobis
1278 4192 1309 4255 in
1325 4193 1437 4256 brevi·

465 4292 595 4357 dabitur
617 4289 838 4378 opportunitas
860 4293 994 4355 invicem
1022 4291 1230 4375 obsequendi,
1253 4291 1329 4376 quia
1346 4290 1414 4373 jam

464 4392 640 4456 conteritur
664 4406 762 4478 caput
785 4391 972 4470 schismatis,
998 4405 1029 4456 et
1055 4416 1129 4477 quae
1153 4392 1181 4455 ei
1204 4392 1414 4464 cohaeserunt,
