3734 5484
509 806 574 865 atu
772 815 908 859 toassrs
923 813 1206 859 tenesnenressrs
1370 792 1416 871 [r.
1434 809 1471 853 n.

511 967 597 1053 quod
621 969 711 1030 Deus
731 979 867 1035 avertat,
890 964 949 1028 nisi
971 960 1198 1050 praecaveritis,
1221 977 1325 1025 vestra
1345 959 1474 1024 duritia

413 1057 418 1066 ⁸
509 1081 707 1156 promerente
718 1065 962 1152 perpetuabitur
976 1065 1007 1128 in
1024 1062 1262 1149 sempiternum.
1292 1065 1472 1127 Monuerat

508 1171 579 1247 hoc,
601 1170 699 1233 immo
723 1180 918 1253 praeceperat
944 1165 1093 1229 dominus
1117 1185 1213 1250 papa,
1235 1162 1292 1227 sed
1317 1186 1376 1227 nec
1396 1164 1469 1250 ipse

508 1294 568 1357 pro
590 1293 648 1334 sua
668 1269 845 1333 reverentia
865 1267 1040 1332 exauditus
1061 1279 1119 1329 est.
1164 1262 1332 1350 Numquid
1353 1277 1387 1330 et
1411 1286 1471 1329 voe

510 1371 687 1438 infidelium
717 1392 806 1432 more
842 1368 962 1433 dicturi
991 1368 1067 1432 estis
1096 1366 1227 1432 Christo
1261 1366 1378 1430 iterum
1407 1388 1472 1452 pro

511 1472 643 1538 ecclesia
669 1471 820 1557 patiente,
847 1470 915 1533 Nos
941 1490 1003 1533 non
1025 1468 1180 1532 habemus
1205 1467 1387 1554 pontificem
1410 1481 1472 1532 aut

511 1597 626 1662 papam
649 1572 710 1637 nisi
733 1574 915 1636 Caesarem?
949 1570 1106 1656 Nunquid
1128 1569 1209 1633 adeo
1229 1569 1348 1635 timetis
1361 1568 1469 1646 illum,

513 1678 568 1763 qui
584 1688 714 1761 accepta
733 1673 889 1737 divinitus
904 1684 1062 1758 potestate
1072 1694 1207 1755 corpora
1222 1693 1337 1735 vexare
1350 1681 1473 1757 potest,

511 1801 573 1842 non
589 1776 733 1863 perdere,
750 1788 784 1837 ut
808 1774 897 1838 illum
913 1774 1126 1837 contemnatis
1149 1773 1207 1858 qui
1222 1785 1327 1837 totum
1348 1794 1470 1858 corpus

512 1890 619 1963 potest
641 1889 674 1939 et
700 1877 838 1939 animam
863 1873 997 1960 perdere
1021 1874 1053 1937 in
1080 1874 1283 1958 gebennam?
1322 1874 1357 1937 Is
1381 1886 1472 1938 certe

512 1978 676 2064 praecepit,
707 1990 744 2039 ut
773 1974 914 2060 praelatis
943 1975 1139 2049 obediretur,
1166 1988 1204 2039 ut
1233 1974 1291 2037 filii
1320 1986 1471 2060 parentes

511 2079 678 2153 honorent,
700 2099 876 2160 eorumque
904 2075 1107 2141 necessitates
1132 2076 1292 2163 excipiant
1317 2076 1470 2162 promtis·

511 2179 590 2242 sima
604 2182 748 2242 caritate.
779 2178 883 2253 Quam
896 2178 1040 2262 profecto
1054 2200 1117 2241 non
1129 2178 1246 2242 babere
1256 2176 1469 2254 convincitur,

511 2280 569 2365 qui
583 2279 714 2342 fratrem
729 2278 763 2341 in
779 2277 986 2343 tribulatione
1009 2281 1150 2365 positum
1166 2302 1225 2366 pro
1239 2279 1392 2344 facultate
1407 2278 1470 2344 sibi

511 2382 589 2445 data
601 2403 663 2444 non
679 2380 868 2445 consolatur.
914 2381 1079 2446 Affectum
1095 2405 1234 2469 namque
1255 2382 1369 2446 mentis
1392 2382 1471 2446 vali-

510 2483 639 2547 dissime
667 2481 827 2547 convincit
856 2483 1013 2548 exhibitio
1041 2485 1156 2569 operis.
1201 2484 1313 2550 Valeat
1342 2506 1469 2570 semper

512 2586 662 2651 sanctitas
683 2598 800 2662 vestra,
822 2601 855 2649 et
877 2586 910 2648 in
933 2585 1077 2671 hisquae
1105 2588 1224 2668 monui,
1246 2587 1379 2653 verbum
1403 2586 1467 2652 Dei

513 2689 622 2775 potius
635 2686 777 2751 consulat
794 2709 890 2772 quam
906 2688 1035 2751 vicinos.

512 3044 734 3108 EPISTOLA
757 3045 1001 3108 eccur-ln
1016 3064 1226 3108 wlttetuuu
1249 3064 1467 3110 saaemoasre

713 3163 1010 3209 cauruamnsau·
1044 3148 1090 3227 [r.
1105 3167 1135 3210 n.
1156 3147 1263 3227 ltro]

600 3329 661 3393 Suo
676 3328 801 3391 Britoni
814 3350 885 3391 auru
897 3327 930 3392 J.
946 3328 1076 3392 Salutem
1091 3341 1120 3394 et
1127 3334 1215 3416 pium
1231 3336 1382 3417 instaura

887 3442 1084 3516 prospectum.

556 3568 612 3629 Ex
622 3561 671 3626 his
682 3584 756 3649 quae
769 3561 969 3628 universitati
980 3574 1093 3628 vestrae
1102 3562 1218 3650 scripta
1229 3576 1304 3630 sunt
1317 3565 1467 3651 colligere

513 3664 1036 3750 poteris,quidteoporteatlacere.
1055 3666 1468 3754 Necestquodnugaturias,

513 3774 549 3827 ut
562 3764 726 3841 hactenus,
742 3766 922 3848 praetendas
943 3768 1171 3846 excusationes,
1186 3770 1263 3857 quia
1276 3781 1403 3856 tempus
1418 3783 1468 3837 est

513 3875 550 3929 ut
562 3863 697 3929 ecclesia
711 3877 815 3929 vestra
830 3866 970 3951 patiatur
988 3881 1045 3932 aut
1063 3872 1284 3956 compatiatur.
1330 3874 1365 3937 Si
1380 3873 1468 3939 enim

511 3962 793 4031 communicaverit
815 3965 1057 4031 necessitatibus
1082 3972 1190 4057 patris,
1216 3971 1248 4036 in
1278 3973 1468 4039 consolatio·

512 4070 616 4146 nibus,
640 4089 721 4154 quas
740 4065 960 4133 indubitanter
982 4070 1055 4135 Deo
1078 4073 1215 4159 propitio
1235 4097 1408 4161 speramus,
1433 4076 1466 4141 in

510 4172 600 4238 brevi
615 4172 803 4238 reflorescet.
849 4171 893 4236 Et
906 4173 1038 4260 quidem
1052 4198 1072 4240 a
1087 4189 1216 4242 centum
1232 4179 1323 4245 annis
1337 4192 1465 4266 tempus

511 4275 650 4340 extitisse
665 4296 728 4339 non
749 4274 894 4353 arbitror,
911 4300 976 4364 quo
997 4289 1063 4343 tam
1084 4279 1177 4343 facile
1198 4292 1303 4366 posset
1316 4282 1358 4347 ad
1374 4304 1463 4368 repe-

512 4376 611 4439 randa
628 4376 736 4440 omnia
758 4377 890 4464 antiqua
912 4379 1077 4464 privilegia
1100 4383 1270 4468 respirare;
1293 4384 1319 4450 si
1334 4386 1415 4471 patri
1430 4384 1464 4449 in
