3734 5484
521 797 583 856 ‘236
788 808 923 854 tornius
939 807 1216 852 sraesnamausrs
1374 786 1419 865 [r.
1438 806 1472 849 u.

521 961 680 1022 Praeterea
709 958 867 1022 desiderat
891 970 925 1020 ut
952 980 1018 1021 suae
1043 955 1219 1020 reddantur
1244 957 1411 1020 Auxitano
1438 972 1471 1022 et

520 1061 761 1145 Burdegalensi‚
777 1061 852 1145 quia
871 1074 902 1123 et
918 1082 1021 1124 cansae
1037 1058 1187 1143 prodesse
1204 1058 1331 1143 poterit,
1347 1072 1377 1123 et
1399 1081 1474 1142 per·

520 1162 700 1247 sequutoris
720 1165 861 1225 minuere
885 1160 975 1238 vires,
1000 1160 1024 1223 si
1051 1160 1082 1222 in
1112 1161 1294 1223 Guasconie
1323 1160 1472 1223 auditum

518 1263 615 1327 suerit
632 1276 747 1328 terram
763 1264 832 1347 ejus
846 1262 1017 1325 interdicto
1028 1261 1255 1345 subjiciendam
1271 1283 1348 1325 esse.
1384 1263 1470 1326 Nam

518 1363 560 1426 ad
575 1362 973 1448 bituricensem,quicquid
986 1361 1026 1425 de
1035 1362 1158 1445 guerris
1166 1362 1472 1447 contingat,semper

517 1466 638 1531 facilior
666 1465 872 1552 probabiliter
903 1477 1049 1549 speratur
1079 1486 1232 1528 accessus.
1283 1465 1328 1528 Et
1361 1464 1471 1527 memi-

517 1567 628 1633 neritis
658 1581 814 1651 quantum
845 1566 1021 1650 periculum
1051 1578 1083 1628 et
1118 1565 1329 1630 infortunium
1358 1564 1399 1627 ad
1438 1588 1471 1628 se

519 1670 650 1733 traxerit
670 1690 757 1732 mora
772 1667 957 1754 porrigendi
970 1665 1223 1730 conventionales
1234 1665 1471 1752 archiepiscopo

422 1837 430 1856 ⁰
518 1771 768 1853 Rothomagensi
791 1769 819 1862 ej
842 1768 992 1853 episcopo
1017 1766 1219 1843 Nivernensi‚
1243 1782 1275 1831 et
1297 1767 1374 1832 item
1397 1790 1471 1852 pro·

517 1869 683 1933 hibitorias
699 1869 893 1932 Eboraceusi
908 1869 1144 1953 archiepiscopo
1158 1883 1191 1933 et
1205 1869 1359 1955 episcopis
1371 1882 1471 1935 trans-

517 1970 655 2037 marinis.
702 1970 770 2035 Nec
793 1971 939 2035 dixeritis
961 1995 1035 2057 quae
1058 1984 1272 2056 provenerunt
1295 1971 1384 2035 vobis
1406 1992 1470 2035 non

517 2073 615 2139 fuisse
626 2074 788 2160 praedicta,
799 2074 853 2138 sed
864 2074 971 2159 potius
983 2074 1069 2159 quod
1083 2077 1223 2138 omnium
1235 2072 1471 2158 auspicantium

518 2197 616 2253 more,
632 2175 837 2240 subtilitatem
855 2188 990 2237 vestram
1007 2175 1155 2238 vaticinia
1177 2198 1251 2258 quae
1269 2197 1331 2238 non
1346 2189 1436 2241 erant
1452 2200 1472 2241 a

517 2275 631 2359 spiritu
665 2274 862 2338 deluserunt.
929 2279 1062 2340 Utinam
1099 2298 1161 2339 non
1198 2275 1238 2340 sit
1274 2276 1468 2361 deceptionis

517 2376 615 2463 hujus
630 2377 760 2440 morbus
781 2376 1016 2462 irreparabilis:
1041 2378 1095 2442 sed
1111 2378 1171 2441 nisi
1190 2378 1317 2441 coelitus
1339 2378 1411 2443 data
1426 2378 1468 2441 sit

518 2479 667 2542 relevatio
697 2501 750 2542 seu
775 2479 947 2543 consolatio
969 2502 1031 2541 non
1053 2479 1201 2543 occurrit.
1262 2480 1308 2542 Et
1339 2480 1468 2565 quidem

517 2594 613 2658 recte,
640 2595 676 2644 ut
703 2580 851 2658 arbitror,
868 2604 969 2665 quum
986 2604 1043 2644 uos
1065 2581 1160 2646 alieni
1183 2580 1300 2665 ingenii
1315 2580 1470 2666 imagina-

517 2680 659 2747 tionibus
675 2680 763 2744 vanis
779 2703 1043 2766 praesumeremus
1058 2680 1202 2744 evolvere
1217 2681 1321 2745 cordis
1336 2681 1468 2746 humani

515 2782 663 2856 latebras,
682 2805 815 2868 quarum
831 2782 916 2846 solus
930 2782 1146 2847 Deusarbiter
1158 2795 1215 2847 est.
1260 2783 1346 2859 Quid
1358 2806 1468 2867 quaeso

516 2888 617 2969 magis
632 2884 843 2959 temerarium,
859 2896 915 2947 aut
938 2884 971 2946 in
996 2886 1113 2962 Deum,
1138 2884 1196 2968 qui
1212 2884 1273 2946 hoc
1296 2883 1467 2969 singularis

515 2985 695 3048 eminentiae
711 2985 876 3069 privilegio
899 2983 1057 3060 vendicat,
1074 2986 1259 3071 injuriosius
1274 2989 1352 3048 est?
1383 2989 1467 3050 Nam

515 3109 548 3149 se
563 3086 668 3170 ipsum
684 3108 786 3162 nosse,
802 3090 896 3149 etiam
913 3086 1071 3171 Apollinis
1086 3089 1215 3151 oraculo
1230 3109 1386 3152 summam
1401 3111 1468 3151 esse

484 3245 488 3255 ,
514 3185 702 3270 sapientiam
725 3185 804 3247 adeo
825 3185 957 3251 celebris
979 3200 1026 3251 est
1050 3190 1206 3252 sententia
1227 3188 1315 3273 apud
1331 3186 1468 3272 philoso-

514 3286 606 3374 phos,
622 3300 659 3352 ut
681 3286 710 3350 ei
733 3309 825 3351 nemo
851 3300 995 3351 veterum
1020 3312 1117 3353 ausus
1143 3290 1183 3354 sit
1209 3290 1371 3375 refragari.
1415 3294 1468 3354 De

513 3390 594 3454 coelo
613 3394 648 3456 six
661 3389 791 3476 quidem
812 3392 862 3473 (ut
882 3391 988 3472 aiunt)
1006 3390 1168 3456 descendit
1194 3392 1276 3477 γνῶθι
1292 3390 1417 3468 σεαυτὸν,
1434 3390 1468 3455 id

516 3505 562 3556 est
590 3493 678 3555 Scito
709 3505 740 3556 te
763 3492 878 3579 ipsum.
925 3492 1009 3570 Quia
1031 3516 1107 3578 ergo
1130 3493 1182 3556 hic
1204 3494 1342 3559 humana
1363 3493 1471 3558 delicit

514 3608 546 3657 et
562 3594 704 3677 angelica
718 3608 848 3659 eatenus
872 3618 934 3658 non
962 3597 1104 3681 attingit,
1135 3596 1200 3659 sola
1227 3597 1286 3661 Dei
1313 3596 1468 3680 sapientia

513 3706 561 3757 est
577 3719 650 3779 quae
666 3697 795 3760 consilia
809 3709 841 3761 et
863 3697 1083 3782 cogitationess
1096 3699 1259 3763 hominum
1277 3721 1338 3762 non
1353 3698 1467 3781 imagi·

514 3797 640 3857 natione
654 3796 825 3860 fantastica
837 3799 967 3882 conjicit
983 3800 1035 3863 sed
1049 3801 1130 3864 sicut
1143 3813 1217 3865 sunt
1234 3822 1465 3885 usquequaque

512 3895 683 3977 cognoscit.
729 3895 895 3960 Vaticiniis
911 3922 988 3983 ergo
1003 3902 1226 3965 renunciemus
1242 3904 1274 3965 in
1291 3919 1466 3987 posterum,

512 3999 589 4082 quia
605 4020 662 4062 nos
681 4000 712 4061 in
728 3998 787 4061 hac
805 4012 895 4082 parte
917 4003 1048 4084 gravius
1058 4003 1233 4067 infortunia
1247 4002 1464 4087 perculerunt.

513 4100 574 4175 Qui
590 4100 684 4164 corda
699 4101 803 4181 finxit,
818 4100 872 4164 illa
882 4103 1039 4168 examinet
1052 4112 1073 4166 τ’
1088 4126 1145 4167 nos
1156 4099 1233 4189 quid
1250 4103 1336 4169 domi
1348 4117 1465 4168 nostrae

512 4200 552 4264 sit
567 4203 776 4286 exploremus
