3734 5484
442 765 506 822 296
619 783 754 827 scissis
771 783 1051 830 ssassmzmsssrs
1067 784 1258 829 trtsrocm.

448 1016 665 1081 El'lSTOLA
690 1019 1099 1083 cccxxxii-nmis
1119 1041 1267 1085 Jomxrs
1290 1042 1429 1087 camno·

489 1136 603 1179 rtxsts
624 1139 782 1196 Et'lscoet,
806 1140 849 1182 nt:
873 1140 1126 1185 SATISHCTIONE
1152 1144 1260 1186 rtem
1283 1143 1426 1187 ΜΟΧΔΒ·

491 1234 592 1279 rento
610 1241 635 1279 s.
653 1238 846 1282 LAFNOMRl
865 1240 1422 1300 BLE513381S‚PR01LLAT1sfflnfflt

493 1336 618 1380 03!le
635 1339 676 1381 ET
687 1338 831 1382 ternns
842 1342 862 1382 ‚t
870 1340 998 1385 somn
1010 1338 1137 1382 colunt
1149 1338 1423 1383 vtxoocmnh'sI.

488 1421 534 1494 [s.
547 1440 578 1481 n.
599 1423 709 1501 nso]

444 1612 599 1687 loannes,
626 1615 738 1677 dicinn
770 1617 959 1695 dignatione
986 1620 1018 1675 et
1048 1613 1167 1674 meritis
1197 1611 1235 1673 S.
1269 1610 1420 1673 Ttomae

490 1721 656 1796 martyris,
683 1718 891 1779 cornotensis
919 1716 1055 1778 asteria
1082 1714 1229 1775 minister
1258 1713 1417 1787 humilia,

490 1818 636 1878 omnibns
658 1820 703 1877 od
723 1838 802 1898 quos
820 1823 995 1899 presentes
1016 1816 1117 1876 litere
1135 1814 1356 1895 pervenerint
1378 1812 1417 1876 in

489 1917 629 1979 Domino
642 1921 790 1980 salntem.

492 2047 678 2115 Novamrrs
699 2049 856 2113 illustrem
879 2048 982 2113 virum
1004 2048 1162 2113 Joannem
1182 2046 1416 2112 vindocinen·

446 2173 513 2214 sem
528 2174 548 2215 a
562 2151 653 2215 nobis
664 2153 822 2216 sententia
835 2150 1182 2227 excommunicationis,
1194 2171 1293 2236 quam
1304 2150 1414 2216 etiam

447 2252 594 2315 dominus
618 2276 700 2337 papa
726 2253 910 2317 Alexander
936 2254 999 2319 Ill.
1026 2254 1280 2329 confirmaverat,
1307 2252 1414 2319 fuisse

447 2353 567 2419 diutius
588 2354 776 2419 innodatum
798 2369 928 2441 propter
949 2358 1103 2442 quasdam
1125 2356 1251 2442 iniquas
1272 2378 1418 2423 consue-

449 2459 588 2538 tudines,
604 2460 730 2545 quasin
747 2460 829 2525 villis
846 2461 956 2525 Sancti
972 2460 1168 2525 Launomari
1184 2460 1362 2538 Blesensis,
1378 2461 1414 2528 in

449 2585 532 2649 pago
553 2561 782 2627 Vindocinensi
803 2564 992 2645 constitutis,
1007 2576 1118 2627 contra
1133 2561 1293 2647 justitiam
1315 2585 1415 2628 usur-

448 2667 555 2752 pabat.
601 2665 794 2730 vindicabat
816 2667 902 2730 euim
924 2666 958 2729 in
980 2666 1043 2730 illis
1058 2665 1118 2729 sibi
1136 2666 1191 2749 jus
1210 2664 1414 2750 hospitandi,

448 2769 582 2846 talliam,
608 2770 802 2854 corvagium,
825 2769 1026 2853 avenagium,
1049 2768 1207 2853 justitiam
1228 2768 1354 2833 cruoris
1377 2782 1414 2834 et

447 2872 595 2937 latronis:
626 2872 743 2958 quibus
757 2871 906 2937 omnibus
923 2870 1180 2958 Hierosolymam
1203 2870 1412 2955 profecturus

448 2997 555 3039 coram
582 2974 673 3039 nobis
694 2988 728 3038 et
749 2976 859 3039 multis
884 2965 1119 3038 venerabilibus
1141 2973 1222 3037 veris
1243 2973 1352 3039 Blesis
1376 2976 1413 3040 in

448 3087 640 3163 perpetuum
657 3078 865 3154 renunciavit,
882 3090 917 3141 ut
936 3100 956 3141 a
969 3077 1097 3140 viuculo
1113 3075 1325 3140 anathematis
1341 3100 1412 3165 quo

446 3176 617 3241 tenebatur
631 3194 807 3242 mereretur
822 3181 951 3246 absolvi.
998 3178 1173 3244 Constituit
1186 3178 1283 3242 etiam
1299 3188 1334 3241 et
1349 3202 1413 3245 au·

449 3278 590 3344 theutice
613 3279 812 3343 confirmavit
833 3279 930 3365 quod,
945 3279 971 3342 si
993 3279 1064 3365 quis
1078 3278 1245 3342 haeredum
1266 3277 1318 3342 vel
1333 3302 1411 3344 suc-

449 3403 607 3447 cessorum
620 3403 748 3445 suorum
764 3379 935 3445 monachos
946 3391 1003 3443 aut
1016 3378 1162 3443 homines
1175 3378 1262 3443 beati
1273 3378 1411 3445 Leuno-

449 3483 531 3548 mari
557 3484 725 3548 molestare
751 3484 802 3548 vel
831 3482 1010 3571 inquietare
1035 3481 1283 3567 praesumpserit,
1307 3503 1410 3567 super

449 3584 612 3650 exactione
641 3585 866 3670 praedictorum
896 3585 1060 3670 sexaginta
1088 3606 1210 3649 marcas
1234 3594 1407 3667 argenteas

448 3687 542 3751 dictis
552 3688 715 3752 monachis
723 3688 901 3772 persolvere
911 3712 969 3774 per
978 3686 1222 3752 ecclesiasticam
1235 3708 1408 3752 censuram

420 3821 422 3825 ¹
450 3786 670 3872 compellatur.
713 3793 759 3853 Et
774 3812 815 3852 ne
830 3789 868 3853 lis
883 3790 916 3852 in
931 3789 1018 3852 hunc
1031 3788 1162 3852 modum
1179 3787 1281 3872 sopita
1293 3786 1345 3850 vel
1361 3788 1407 3852 ab

448 3891 517 3977 ipso
531 3887 582 3953 vel
597 3888 638 3951 ab
662 3887 843 3953 haeredibus
858 3893 927 3976 ejus
945 3889 1042 3974 possit
1059 3888 1173 3953 iterato
1192 3886 1346 3968 suscitari,
1362 3890 1408 3953 ad

452 4012 562 4077 preces
588 3987 685 4073 ipsius
711 3988 846 4054 formam
872 3989 959 4073 pacis
984 3989 1073 4052 initae
1101 3988 1250 4074 praesenti
1275 3987 1407 4073 paginas

448 4092 706 4159 commendatam
721 4091 816 4177 sigilli
834 4089 1012 4156 munimine
1028 4090 1154 4156 decrevi
1178 4091 1404 4161 roborandam.

449 4198 568 4265 Actum
586 4194 697 4276 Blesis,
712 4217 796 4259 anno
811 4194 910 4261 Verbi
926 4193 1086 4262 Incaruati
1105 4201 1195 4259 1180.
