3734 5484
458 775 496 832 14
713 784 848 831 romnus
864 785 1142 854 saussasamnsrs
1313 772 1358 850 [r.
1375 788 1406 831 n,
1496 837 1498 842 ,

451 946 563 1019 pentes
584 946 615 1002 et
637 959 749 1019 rayno,
774 946 812 1001 ur
833 940 948 1002 coellus
969 946 1001 1003 ot
1024 941 1190 1021 disperdas
1212 948 1243 1004 et
1263 941 1407 1021 dissipes,

454 1051 485 1105 et
502 1043 638 1123 <edifices
657 1047 689 1104 et
706 1041 848 1134 fientes.
894 1040 982 1113 Quid
1000 1063 1075 1123 ergo
1095 1044 1242 1125 peccavit
1261 1042 1409 1106 dominus

455 1144 706 1221 Cantnariensis,
729 1145 757 1206 si
778 1144 965 1226 appellavit,
980 1145 1006 1206 si
1030 1145 1197 1228 prospexit
1218 1146 1289 1223 sibi,
1311 1146 1338 1208 si
1352 1166 1408 1227 pe·

451 1247 554 1328 percit
580 1247 740 1329 episcopis
769 1266 852 1328 quos
876 1246 1046 1326 oportebat
1070 1246 1183 1307 iterato
1209 1245 1251 1308 ad
1277 1244 1408 1308 damna·

452 1346 570 1409 tionem
601 1357 634 1408 et
656 1346 866 1427 ignominiam
897 1346 947 1407 sui
975 1366 1141 1430 perperam
1165 1346 1323 1429 judicare,
1353 1355 1409 1408 aut

453 1448 549 1527 regiae
565 1446 795 1529 indignationis
809 1446 1011 1509 intolerabile
1027 1446 1134 1509 subire
1149 1444 1377 1528 dispendium?

498 1546 642 1617 Qualiter
658 1558 766 1609 autem
781 1567 855 1628 pars
874 1546 1017 1622 adversa,
1031 1566 1104 1629 quae
1126 1547 1244 1628 etipsa
1265 1546 1409 1628 appella·

455 1647 577 1709 tionem
585 1648 734 1724 institnit,
746 1668 875 1711 causam
890 1660 1088 1730 prosequuta
1103 1647 1154 1723 sit,
1163 1666 1228 1730 qua
1241 1645 1410 1722 modestia,

455 1766 519 1831 qua
541 1748 721 1810 sinceritate
744 1758 868 1810 versata
890 1748 931 1809 sit
954 1757 986 1810 et
1010 1768 1082 1809 cum
1106 1747 1268 1823 Ecclesia,
1282 1756 1315 1809 ct
1336 1767 1409 1809 cum

453 1846 643 1923 adversario,
666 1849 753 1911 novit
775 1850 867 1910 Deus
891 1858 924 1910 et
941 1847 1077 1929 judicet,
1100 1858 1132 1910 et
1155 1848 1247 1910 vobis
1268 1849 1410 1928 ignotum

456 1968 525 2010 osse
550 1968 615 2009 non
641 1957 757 2030 potest.
806 1947 954 2029 Seipsum
981 1948 1101 2029 poterit
1125 1948 1198 2029 quis
1222 1948 1354 2010 irridere
1380 1962 1413 2011 et

455 2062 564 2112 texere
577 2048 669 2111 dolos
683 2049 715 2110 iu
728 2049 866 2112 animam
884 2069 992 2111 suam:
1014 2048 1070 2111 sed
1085 2049 1229 2131 profecto
1241 2049 1331 2111 Deus
1346 2071 1412 2112 nou

458 2136 613 2213 irridetur.
659 2150 833 2213 Biennium
851 2152 919 2234 jam
936 2153 1080 2232 elapsum
1103 2162 1161 2229 est,
1177 2162 1305 2233 tempus
1324 2152 1413 2215 vidc-

456 2252 534 2315 licet
555 2250 642 2333 quod
668 2252 907 2333 appellantibus
933 2254 1133 2332 suffragatur,
1155 2273 1259 2335 eoque
1284 2254 1412 2316 evoluto

457 2371 517 2433 pro
541 2363 630 2434 parto
658 2350 781 2413 domini
807 2351 1050 2415 Cantuariensis
1076 2365 1124 2417 est
1146 2355 1212 2417 lata
1237 2356 1412 2418 sententia:

458 2453 518 2514 etsi
540 2453 646 2516 adhuc
670 2473 711 2516 ex
735 2453 972 2535 dispensatione
996 2453 1195 2535 quorundam
1210 2477 1315 2518 rerum
1337 2477 1412 2519 exe·

458 2554 544 2616 cutio
565 2554 735 2617 differatur.
780 2552 939 2616 Omnibus
955 2564 1058 2617 antem
1075 2555 1143 2637 jam
1158 2576 1345 2637 persuasum
1365 2568 1414 2619 est

460 2655 567 2717 Deum
580 2655 768 2718 timentibus
791 2654 878 2738 quod
899 2656 1161 2738 archiepiscopus
1179 2666 1210 2717 et
1226 2657 1275 2718 sui
1296 2656 1415 2738 injuste

459 2754 629 2837 proscripti
643 2765 728 2817 sunt.
757 2756 831 2827 Quo
843 2754 929 2817 enirn
941 2753 1014 2837 jure
1025 2754 1193 2817 confiscati
1209 2766 1283 2817 sunt
1295 2754 1415 2818 reditus

460 2850 672 2921 clericorum?
698 2856 743 2917 Et
758 2876 822 2938 qua
842 2855 1067 2937 episcoporum
1088 2855 1243 2938 patientia
1256 2858 1415 2919 Ecclesiae

461 2966 493 3017 et
516 2954 600 3019 bona
621 2952 730 3017 altaris
751 2956 872 3020 Christi
892 2959 1170 3040 persequutoribus
1192 2958 1351 3021 Ecclesiae
1374 2959 1414 3022 ad

459 3052 585 3117 libitum
606 3054 838 3134 exponuntur?
870 3056 951 3125 Quae
970 3056 1095 3137 justitia
1115 3058 1305 3141 proscripsit
1323 3059 1415 3121 inno·

462 3165 571 3219 centes
593 3154 662 3217 sine
684 3155 813 3217 delectu
834 3155 1042 3236 professionis
1060 3166 1092 3217 et
1114 3156 1244 3234 ordinis,
1260 3160 1364 3222 aetatis
1385 3170 1418 3222 st

461 3255 577 3324 sexus?
601 3256 682 3327 Quis
698 3276 839 3337 unquam
855 3266 943 3317 tanta
954 3255 1151 3319 immanitate
1162 3256 1308 3320 distraxit
1318 3280 1417 3342 copu-

462 3356 526 3421 lam
548 3354 754 3440 nuptiarum?
785 3357 831 3418 Et
845 3367 952 3418 tamen
968 3356 997 3418 ei
1013 3356 1070 3439 qui
1089 3356 1252 3432 fecithoc,
1267 3360 1308 3420 ab
1331 3361 1415 3441 epis-

462 3459 554 3542 copis
567 3459 762 3522 innocentia
778 3467 811 3521 et
825 3457 960 3541 justitiae
979 3458 1195 3522 testimonium
1216 3457 1368 3538 redditur,
1383 3474 1418 3525 ut

460 3560 495 3621 in
510 3578 601 3621 snam
616 3556 838 3620 confusionem
861 3565 893 3619 et
906 3556 1083 3637 perniciem
1106 3555 1212 3619 dicere
1226 3571 1259 3620 et
1280 3560 1417 3623 scribere

461 3679 527 3721 non
550 3660 746 3734 erubescant,
769 3656 845 3741 quia
866 3677 925 3720 rex
947 3657 967 3691 “
981 3656 1075 3720 dulce
1101 3667 1191 3739 putat
1216 3660 1417 3741 obsequium,

462 3778 560 3841 quum
575 3770 723 3822 mouetur
738 3767 774 3819 ut
789 3758 937 3838 corrigat,
954 3756 1073 3840 siquid
1089 3756 1223 3841 deliquit
1236 3759 1269 3819 in
1281 3759 1418 3821 Deum.”

461 3860 551 3937 Ergo
566 3868 621 3921 aut
635 3878 678 3920 ex
694 3878 801 3919 eornm
818 3855 977 3919 sententia
992 3879 1057 3919 uon
1073 3858 1242 3941 delinquit,
1254 3870 1309 3921 aut
1324 3860 1353 3921 ei
1370 3861 1419 3922 in-

463 3959 599 4023 fideliter
624 3969 747 4038 gratum
772 3970 805 4021 et
830 3957 976 4020 debitum
1002 3960 1191 4041 obsequium
1218 3961 1419 4037 subtrahunt,

463 4068 519 4123 aut
539 4059 646 4140 palam
668 4057 865 4120 mentiuntur
885 4054 919 4119 in
944 4058 1050 4140 capita
1072 4079 1148 4122 sua:
1177 4062 1254 4143 quia
1274 4084 1310 4125 os
1332 4063 1418 4145 quod

463 4161 616 4226 mentitur
641 4159 763 4224 occidit
786 4160 936 4223 animam.
982 4162 1056 4223 Non
1084 4172 1132 4223 est
1161 4164 1216 4244 qui
1244 4165 1275 4226 ei
1302 4162 1419 4226 audeat

467 4263 674 4338 denunciare,
690 4260 779 4345 quod
797 4261 929 4345 expedit
951 4263 1092 4326 audienti
1107 4265 1225 4347 pariter
1244 4275 1275 4326 et
1288 4264 1417 4328 dicenti.

467 4367 540 4427 Non
566 4364 698 4447 estqui
724 4362 811 4427 dicat
837 4386 911 4428 oum
938 4367 1070 4447 Moyse:
1100 4366 1237 4427 Dimitte
1259 4367 1419 4446 populum
