3734 5484
511 808 553 864 26
771 818 908 863 rotulus
922 815 1198 862 sasnsnusiuusrs
1367 800 1412 874 [a.
1431 816 1462 859 n.

505 971 599 1056 juriis
622 980 655 1033 et
677 971 938 1055 oppressionibus
961 970 1087 1032 nostris.
1131 971 1192 1032 Jus
1214 975 1263 1030 est
1283 967 1393 1051 (pater)
1410 968 1465 1049 jus

509 1082 559 1134 est
579 1090 668 1134 veras
688 1070 865 1152 exprimere
886 1091 991 1147 voces,
1011 1069 1184 1151 praesertim
1208 1067 1295 1150 apud
1314 1089 1388 1130 eum
1408 1068 1464 1149 qui

509 1181 632 1233 amator
654 1180 704 1232 est
725 1180 756 1231 et
778 1180 932 1251 patronus
948 1170 1102 1246 veritatis,
1122 1178 1155 1231 et
1176 1167 1269 1251 cujus
1291 1168 1465 1229 ministerio

510 1270 647 1352 Spiritus
662 1270 802 1334 Sanctus
818 1271 916 1332 totius
929 1269 1076 1333 falsitatis
1092 1269 1248 1349 figmenta
1262 1268 1465 1333 condemnat.

509 1371 649 1434 Viduam
664 1370 886 1452 impatientius
906 1381 1157 1455 conquerentem
1178 1370 1335 1453 propheta
1354 1368 1466 1431 babuit

514 1482 713 1550 excusatam,
727 1493 767 1535 eo
787 1472 875 1555 quod
897 1473 931 1534 in
953 1473 1168 1537 amaritudine
1188 1483 1255 1535 erat
1274 1471 1382 1534 anima
1397 1471 1466 1554 ejus

509 1573 551 1634 ob
580 1583 740 1635 recentem
770 1571 829 1634 filii
859 1584 1003 1635 mortem.
1044 1573 1090 1634 Et
1114 1593 1174 1634 nos
1199 1569 1279 1656 quid
1305 1569 1464 1653 patienter

510 1674 601 1756 queri
623 1694 793 1756 possumus
817 1675 900 1737 inter
923 1683 973 1736 tot
998 1684 1126 1750 mortes,
1148 1692 1302 1748 carceres,
1324 1672 1465 1747 vincula,

510 1776 617 1855 flagra,
632 1775 854 1849 contumelias,
868 1784 1013 1850 terrores,
1028 1774 1154 1850 esuriei,
1169 1774 1250 1853 sitis,
1264 1774 1418 1837 nuditatis
1433 1783 1465 1836 et

510 1873 707 1936 multimodae
736 1873 927 1936 calamitatis
963 1871 1153 1952 angustias?
1199 1875 1235 1937 Si
1265 1894 1342 1953 ergo
1366 1875 1464 1958 justae

510 1970 714 2036 amaritudini
731 1970 867 2034 debetur
883 1972 985 2044 venia,
996 1991 1130 2052 quorum
1148 1973 1278 2054 querela
1292 1972 1465 2054 patientius

509 2071 671 2137 audienda
692 2070 763 2135 est?
788 2092 924 2155 quorum
948 2071 1121 2151 gemitibus
1143 2072 1244 2153 magis
1267 2073 1465 2153 compatien-

510 2171 605 2236 dum?
629 2192 764 2255 quornm
779 2191 893 2255 preces
906 2171 1080 2252 benignius
1095 2171 1264 2236 audienda
1279 2193 1299 2235 a
1313 2174 1463 2234 Romano

508 2272 674 2357 pontifice,
703 2294 799 2356 quam
834 2273 966 2335 exulum
1001 2273 1279 2337 cantuariensium
1314 2274 1371 2357 qui
1404 2296 1464 2356 pro

508 2374 630 2438 tuenda
650 2375 796 2440 libertate
819 2373 990 2451 Ecclesiae,
1004 2395 1063 2457 pro
1086 2372 1265 2438 astruendis
1288 2375 1463 2459 privilegiis

509 2476 696 2559 apostolicae
712 2474 798 2539 sedis
813 2476 983 2557 proscripti
998 2497 1068 2539 esse
1084 2475 1282 2540 noscuntur?

552 2578 695 2657 Utinam,
710 2588 810 2661 pater,
824 2588 931 2640 essent
951 2598 1043 2641 aures
1062 2588 1175 2642 vestrae
1199 2578 1239 2642 ad
1258 2601 1314 2642 ora
1332 2580 1416 2660 regis
1430 2590 1463 2643 et

508 2679 693 2763 optimatum
710 2675 869 2743 Francia!
893 2678 1016 2741 utinam
1030 2678 1182 2743 audiretis
1194 2680 1356 2763 quomodo
1370 2682 1464 2744 vobis

507 2781 661 2845 insultant
681 2781 791 2844 hostes
805 2781 977 2854 Ecclesiae,
993 2792 1026 2845 et
1044 2781 1108 2845 sere
1130 2781 1270 2845 universi
1293 2782 1464 2845 detrahunt

508 2880 619 2945 robis!
648 2883 704 2955 Et,
719 2882 745 2944 si
762 2903 833 2945 vera
848 2892 923 2946 sunt
938 2903 1010 2965 quae
1025 2882 1239 2965 praedicantur
1252 2881 1286 2946 iu
1302 2883 1464 2965 compitis,

507 3003 573 3043 non
583 2982 752 3064 videoquo
762 2981 858 3045 modo
869 2983 1021 3065 majestas
1031 2994 1135 3047 restra
1144 2984 1350 3067 probabiliter
1360 2986 1465 3047 valeat

507 3082 663 3144 excusari.
708 3082 865 3144 Praetereo
888 3083 976 3164 quod
998 3083 1136 3165 insignis
1150 3086 1204 3146 ille
1224 3085 1355 3167 jurator,
1370 3087 1464 3168 quasi

507 3203 541 3245 re
556 3184 640 3244 bene
663 3192 763 3262 gesta,
779 3181 821 3246 de
842 3204 941 3245 manu
956 3192 1062 3248 vestra
1077 3183 1266 3248 decanatum
1283 3189 1411 3270 accepit
1430 3198 1464 3251 et

506 3305 614 3348 curam
629 3283 797 3346 multarum
821 3283 1008 3357 animarum,
1024 3284 1070 3346 vir
1090 3285 1233 3366 probatae
1247 3287 1409 3368 religionis
1431 3298 1464 3352 et

506 3387 598 3450 samae
613 3383 733 3461 hilaria,
749 3384 804 3468 qui
820 3405 878 3447 nec
895 3404 961 3446 uno
976 3404 1085 3447 mense
1100 3386 1354 3450 ecclesiasticum
1370 3388 1461 3452 addi-

506 3487 586 3551 dicit
610 3487 714 3549 ritum.
759 3485 823 3549 Sed
846 3484 1005 3569 numquid
1027 3486 1218 3550 eximendus
1238 3498 1305 3550 erat
1326 3488 1462 3572 ajuris-

506 3588 648 3653 dictione
670 3588 814 3651 omnium
837 3587 1074 3671 episcoporum,
1095 3598 1131 3651 ut
1153 3588 1182 3651 ei
1207 3586 1302 3666 (sicut
1323 3590 1462 3657 lautores

506 3691 554 3753 sui
577 3690 761 3770 gloriantur)
779 3688 964 3751 auctoritate
985 3687 1163 3769 apostolica
1185 3690 1295 3753 saevire
1309 3692 1407 3754 liceat
1427 3693 1461 3755 in

506 3790 668 3873 subjectos
696 3810 762 3852 non
792 3802 949 3853 reservato
974 3791 1021 3852 eis
1035 3790 1270 3873 'appellationis
1296 3793 1458 3857 remedio?

506 3890 676 3973 Numquid
699 3890 798 3953 tantis
824 3900 890 3952 erat
918 3890 1093 3973 privilegiis
1122 3894 1340 3971 extollendus,
1362 3904 1398 3957 ut
1426 3897 1460 3959 in

505 3994 635 4057 introitu
649 4014 707 4056 suo
720 4002 823 4055 vestra
837 3992 1027 4054 auctoritate
1048 3995 1235 4059 convocatis
1250 3996 1414 4080 episcopis
1428 4008 1461 4061 et

505 4094 593 4158 clero
603 4093 728 4175 Angliae
739 4091 915 4170 mandaret,
925 4113 967 4155 ne
979 4091 1202 4157 cantuariensi
1214 4095 1459 4180 archiepiscopo

506 4193 682 4270 obedirent,
698 4195 748 4258 vel
763 4192 805 4257 ad
824 4193 930 4275 ipsum
946 4192 1053 4255 vocati
1073 4192 1277 4273 accederent,
1290 4206 1324 4259 et
1335 4206 1372 4259 ut
1386 4196 1459 4279 jure

505 4291 776 4356 excommunicati
802 4291 872 4353 sine
897 4289 1115 4353 satisfactione
1141 4301 1173 4353 et
1196 4289 1345 4357 cautione
1370 4295 1458 4358 omni

505 4391 742 4456 absolverentur
761 4391 795 4455 iu
812 4389 984 4473 sacrilegiis
999 4390 1259 4475 perseverantes?
1287 4394 1333 4457 Os
1351 4414 1459 4463 meum
