3734 5484
498 816 559 874 170
782 829 918 874 ronanus
936 829 1213 875 snausauaruusrs
1355 813 1400 891 [A.
1418 832 1448 874 o.

496 992 651 1042 amatores
679 977 796 1062 Angeli
823 980 921 1042 sancti
954 993 984 1043 te
1013 980 1189 1063 gaudentes
1219 980 1389 1064 excipient,
1416 992 1447 1042 et

493 1078 672 1143 diademate
692 1080 781 1163 regni
797 1093 982 1145 coronatum
1005 1084 1088 1145 inter
1111 1081 1227 1145 electos
1249 1081 1446 1143 coronabunt

495 1181 526 1243 in
550 1181 764 1265 praeordinata
778 1180 976 1244 ordinatione
995 1181 1214 1259 beatitudinis,
1230 1182 1286 1245 ubi
1304 1181 1450 1245 Christus

494 1280 597 1343 estad
620 1280 783 1343 dexteram
809 1280 869 1343 Dei
886 1280 1006 1343 sedens.
1053 1283 1126 1364 Age
1150 1304 1237 1366 ergo,
1253 1280 1369 1345 dilecte
1392 1281 1446 1357 mi,

495 1381 629 1445 viriliter
652 1381 738 1466 quod
755 1381 891 1466 coepisti,
907 1381 1026 1446 virtute
1049 1382 1290 1469 perseverantiae
1314 1404 1449 1467 propera

496 1483 537 1547 ad
568 1483 766 1568 triumphum
797 1483 880 1547 felici
909 1484 1097 1547 commercio
1127 1507 1184 1569 pro
1218 1482 1449 1569 temporalibus

498 1597 606 1648 eterna
622 1606 776 1648 mercare:
809 1584 937 1648 divitias
952 1584 983 1647 in
999 1608 1071 1648 eum
1088 1586 1238 1671 promitte
1254 1584 1369 1664 locum,
1385 1609 1450 1670 quo

498 1708 609 1769 aerugo
634 1685 683 1747 vel
713 1686 798 1751 tinea
824 1709 886 1749 non
916 1686 1081 1771 pertingit.
1127 1688 1208 1749 Esto
1235 1687 1392 1768 benignus
1417 1701 1449 1750 et

500 1785 675 1848 misericors
689 1785 728 1847 ad
745 1809 866 1861 omnes,
880 1787 933 1850 sed
952 1787 1086 1851 maxime
1102 1787 1261 1850 beneficus
1273 1787 1312 1849 ad
1329 1786 1453 1849 domes-

499 1887 576 1950 ticos
592 1886 677 1964 fidei,
692 1887 733 1949 ad
748 1909 802 1948 eos
822 1887 876 1972 qui
892 1909 951 1972 pro
969 1888 1096 1972 justitia
1119 1890 1299 1972 patiuntur.
1315 1889 1371 1973 qui
1395 1911 1451 1951 sua

497 2008 556 2071 pro
577 1986 672 2048 verbo
695 1985 755 2048 Dei
778 1987 883 2049 omnia
907 1997 1174 2072 contempserunt,
1191 1991 1247 2072 qui
1270 1989 1450 2053 maluerunt

497 2110 557 2173 pro
573 2087 670 2150 verbo
687 2088 808 2152 Christi
830 2089 1025 2173 paupertati,
1041 2089 1199 2173 periculis,
1216 2090 1397 2171 ignominiae
1419 2102 1451 2153 et

498 2188 698 2274 improperiis
713 2188 913 2252 adulantium
934 2188 1056 2251 mundo
1071 2191 1295 2274 fortunamque
1318 2212 1449 2274 sequen-

499 2290 578 2354 tium
602 2290 730 2374 exponi,
753 2311 847 2373 quarn
866 2288 899 2350 in
923 2288 1055 2352 consilio
1075 2289 1244 2374 impiorum
1267 2314 1399 2374 regnare
1419 2305 1450 2355 et

499 2393 606 2456 sedere
621 2414 693 2455 cum
707 2389 906 2476 principibus
918 2402 950 2454 et
962 2389 1074 2454 florere
1086 2413 1152 2476 prae
1164 2392 1337 2455 fortunatis
1349 2405 1451 2455 terrae.

500 2493 623 2571 Quibus
638 2505 742 2558 autern
760 2491 875 2555 teneris
890 2515 929 2555 ex
948 2493 1039 2576 justa
1053 2505 1084 2555 et
1101 2493 1199 2556 veteri
1220 2492 1383 2557 affectione
1399 2494 1448 2555 vel

500 2598 624 2670 merito,
640 2593 818 2679 benignius,
834 2593 978 2672 celerius,
993 2606 1025 2657 et
1046 2593 1240 2657 fructuosius
1263 2596 1453 2678 respondere

502 2722 539 2761 ne
566 2697 702 2776 differaS,
723 2718 810 2758 more
836 2718 945 2759 eorum
972 2694 1028 2780 qui
1055 2707 1092 2758 ut
1117 2695 1277 2780 propriam
1302 2708 1451 2759 excusent

500 2797 675 2875 avaritiam,
691 2798 768 2861 dum
784 2796 990 2883 praetendunt
1010 2797 1162 2861 malitiam
1186 2800 1347 2883 temporis
1364 2797 1451 2859 duri-

499 2904 573 2967 tiam
603 2901 779 2985 potestatis‚
804 2914 964 2965 auctorem
993 2913 1172 2984 temporum
1198 2912 1229 2964 et
1256 2912 1449 2986 potestatum

499 3002 713 3064 ordinatorem
736 3002 854 3077 Deum,
870 3001 923 3085 qni
941 3025 972 3064 se
987 3000 1194 3084 diligentibus
1217 3003 1322 3064 omnia
1343 3022 1454 3083 coope-

500 3113 590 3162 ratur
604 3099 636 3160 in
653 3099 784 3175 bonum,
798 3099 1015 3164 criminantur.
1048 3102 1234 3165 Memineris
1245 3102 1353 3187 potius
1366 3099 1452 3187 quod

843 3224 1073 3274 —nocuit
1085 3224 1188 3276 differre
1201 3227 1312 3295 paratis:

571 3308 625 3369 Qui
635 3325 686 3360 non
698 3312 739 3359 est
749 3306 838 3368 hodie,
850 3322 907 3357 cras
918 3306 1003 3357 minus
1016 3312 1090 3375 aptas
1103 3310 1161 3359 erit.

501 3425 574 3485 Hoc
589 3420 620 3483 in
645 3417 847 3506 philosophia
869 3416 1011 3480 nutritus
1033 3428 1065 3480 et
1088 3417 1118 3479 in
1143 3416 1213 3500 lege
1237 3420 1356 3485 Christi
1380 3446 1454 3509 pro·

501 3537 608 3589 vectus
624 3520 826 3585 meditaberis
841 3532 873 3583 et
887 3517 994 3584 facies.
1040 3522 1123 3583 Nam
1140 3519 1226 3584 solus

573 3648 697 3699 Rusticus
709 3652 831 3716 expectat
842 3646 903 3697 dnm
916 3644 1015 3698 defluat
1027 3646 1120 3709 amnis,
1132 3652 1160 3698 at
1172 3645 1217 3697 ille

573 3733 682 3783 Labitur
694 3737 722 3782 et
732 3731 834 3783 labetur
845 3733 872 3782 in
884 3750 960 3783 omne
973 3730 1093 3784 volubilis
1106 3749 1197 3784 aevum.

504 3846 542 3906 ln
560 3864 614 3904 ore
636 3840 745 3905 latoris
765 3841 969 3924 praesentium
994 3856 1109 3906 caetera
1130 3846 1234 3928 posita
1255 3855 1340 3924 sunt,
1355 3847 1406 3909 cui
1430 3847 1454 3909 si

502 3943 674 4009 credideris
688 3955 720 4004 et
741 3941 950 4026 acquieveriS,
971 3943 1058 4027 quod
1075 3945 1153 4006 mihi
1176 3969 1233 4031 per
1249 3946 1354 4009 Adam
1371 3952 1457 4033 Apo-

505 4046 623 4112 stolicae
644 4042 846 4109 successionis
865 4044 1061 4108 cohaeredem
1080 4046 1275 4129 significasti,
1300 4049 1456 4113 maturius

503 4148 700 4234 adimplebis.
