3734 5484
508 785 567 845 lla
760 795 896 840 sossius
912 792 1193 838 sasusssrususrs
1360 774 1406 853 [s.
1423 793 1454 838 n.

507 951 658 1013 scriberet
677 950 778 1013 vobis.
824 949 972 1011 Nuucios
991 949 1099 1031 itaque
1122 957 1246 1008 nostros
1269 956 1394 1008 constat
1415 944 1457 1007 ad

506 1050 627 1113 curiam
643 1052 834 1131 pervenisse,
851 1059 883 1112 et
896 1050 943 1112 ibi
959 1058 1071 1111 contra
1085 1048 1206 1128 legatos
1229 1047 1351 1109 domini
1373 1046 1456 1127 regis

506 1152 631 1231 Angliae
643 1150 699 1213 diu
708 1172 855 1233 magnum
865 1150 1017 1213 habuisse
1028 1148 1178 1229 litigium,
1187 1148 1244 1211 sed
1256 1147 1296 1210 de
1309 1148 1458 1210 omnibus

507 1262 628 1334 septem
643 1272 704 1313 nec
724 1272 806 1313 unus
828 1249 934 1312 adhuc
959 1248 1094 1311 redierat
1116 1249 1289 1311 Dominica
1310 1249 1457 1332 proxima

505 1363 580 1434 post
589 1352 831 1415 Ascensionem.
877 1350 987 1431 Litigii
999 1370 1107 1413 eorum
1124 1371 1189 1411 non
1206 1351 1313 1413 scribo
1323 1350 1457 1424 exitum,

507 1453 582 1537 quia
596 1453 703 1516 adhuc
725 1454 853 1533 ignotus
876 1461 934 1529 est,
949 1450 1012 1513 nisi
1034 1452 1123 1534 quod
1145 1474 1164 1514 a
1187 1452 1395 1515 redeuntibus
1417 1452 1457 1513 ab

507 1555 684 1637 apostolica
700 1554 775 1617 sede
798 1553 895 1615 audio
912 1574 967 1615 eos
982 1553 1017 1614 in
1032 1574 1145 1616 caussa
1160 1564 1362 1636 prosperatos
1376 1574 1456 1635 prae-

507 1658 643 1720 valuisse
658 1656 786 1719 nunciis
808 1656 902 1735 regis.
948 1654 1012 1717 Sed
1035 1667 1204 1736 quatenus,
1219 1656 1378 1719 incertum
1400 1665 1457 1717 est.

506 1758 626 1821 Nescio
649 1758 736 1820 euim
759 1758 786 1820 si
808 1756 873 1819 voti
896 1766 1061 1838 compotes
1086 1756 1222 1836 redeunt
1247 1755 1457 1838 petitionibus

507 1859 699 1940 adimpletis,
715 1880 755 1921 an
772 1857 841 1920 haec
864 1858 1114 1939 prosperationis
1130 1880 1238 1922 eorum
1261 1880 1385 1921 summa
1407 1858 1458 1933 sit,

507 1958 593 2044 quod
608 1958 718 2021 nuncii
733 1959 817 2039 regis
832 1958 953 2021 infecto
968 1959 1098 2038 negotio
1111 1959 1237 2039 inglorii
1252 1967 1457 2021 revertuntur.

507 2059 672 2123 Nuncinm
699 2072 835 2123 vestrum
861 2058 927 2120 vidi
953 2080 1056 2142 nuper
1085 2061 1118 2121 in
1146 2061 1308 2143 colloquio
1337 2082 1457 2139 regum,

506 2162 617 2225 habito
645 2183 745 2243 prope
761 2161 976 2237 'Medontam‚
1005 2162 1061 2222 ubi
1084 2161 1124 2223 de
1146 2183 1227 2244 pace
1252 2163 1455 2225 tractabatur.

445 2264 447 2267 ’
509 2261 623 2325 Plures
638 2262 724 2344 apud
743 2262 863 2342 Anglos
878 2262 1047 2324 habebatis
1070 2262 1218 2341 fautoreS,
1233 2263 1288 2325 sed
1312 2262 1390 2344 quid
1412 2263 1459 2323 illi

507 2386 566 2447 pro
590 2364 680 2426 vobis
702 2364 906 2440 obtinuerint,
929 2365 1094 2445 explorare
1117 2386 1184 2428 non
1206 2365 1306 2446 potui.
1351 2365 1457 2427 Alium

508 2465 548 2528 de
570 2465 682 2528 vestris
703 2465 769 2527 vidi
791 2464 932 2541 Parisiis,
953 2478 985 2527 et
1007 2467 1143 2547 qualiter
1164 2466 1295 2529 domino
1319 2466 1459 2529 Cantus·

507 2568 605 2631 riensi
621 2568 801 2650 scripserim
817 2588 875 2650 pro
891 2568 1094 2630 revocatione
1109 2576 1223 2644 vestra,
1233 2570 1322 2631 novit
1337 2570 1460 2632 amicus

506 2678 611 2732 vester
621 2668 772 2731 dominus
784 2670 845 2731 G..
857 2670 1019 2732 ‚inclusus
1031 2668 1117 2749 apud
1129 2681 1274 2732 sanctum
1286 2670 1459 2746 Hilarium,

508 2772 564 2856 qui
578 2771 684 2834 literas
699 2769 849 2853 inspexit,
866 2770 1007 2854 mihique
1024 2771 1103 2832 foret
1127 2772 1351 2851 gratissimum,
1367 2772 1394 2834 si
1418 2771 1459 2833 ad

508 2884 642 2937 vestram
671 2873 815 2936 notitiam
845 2874 1054 2955 pervenisset.
1100 2874 1207 2945 Quum
1238 2895 1311 2935 vero
1334 2873 1456 2948 nuncii,

508 2975 650 3036 Domino
665 2975 869 3055 propitiante,
885 2974 1048 3052 redierint,
1063 2974 1149 3057 quod
1170 2975 1204 3036 in
1219 2976 1305 3037 brevi
1320 2976 1457 3036 futurum

508 3074 657 3147 creditur,
682 3086 714 3134 et
737 3072 778 3133 de
801 3083 919 3147 nostro,
941 3085 973 3135 et
997 3072 1036 3135 de
1063 3084 1163 3135 vestro
1188 3075 1317 3155 negotio
1342 3076 1459 3138 erimus

509 3174 667 3238 certiores.
712 3173 829 3248 Quare,
857 3172 884 3233 si
910 3174 1027 3254 placet,
1052 3172 1300 3237 moderationem
1324 3188 1458 3238 vestram

508 3298 574 3339 non
590 3272 939 3337 decetirrevocabiliter
949 3272 1120 3352 indignari,
1132 3294 1191 3336 nec
1206 3285 1272 3336 tam
1287 3296 1457 3358 properum

510 3376 663 3441 discessui
678 3375 803 3438 debetis
817 3373 982 3456 praeligere
1005 3372 1109 3437 diem:
1141 3375 1217 3457 quia
1232 3395 1291 3438 uec
1314 3388 1458 3439 nostrum

508 3502 570 3544 nec
605 3488 742 3542 vestrum
780 3487 828 3540 est
866 3476 995 3539 Divinae
1030 3476 1226 3539 miserationi
1264 3478 1458 3560 praestituere

508 3594 645 3667 tempus,
660 3590 714 3643 aut
729 3580 927 3642 sustinentiae
943 3579 1122 3659 terminum.
1168 3578 1234 3642 Sed
1254 3579 1341 3663 quod
1357 3601 1459 3642 sacer-

510 3684 601 3748 dotes
617 3706 636 3745 a
649 3684 670 3745 J
673 3682 762 3745 udith
778 3682 874 3745 vidua
895 3682 1001 3762 legitis
1017 3680 1179 3754 didicisse,
1197 3679 1319 3762 justum
1336 3691 1384 3743 est
1399 3702 1460 3743 nos

510 3803 632 3857 omnes,
641 3782 762 3845 Christi
772 3803 931 3863 pauperes
943 3793 976 3844 et
987 3782 1191 3866 proscriptos,
1201 3782 1325 3845 animas
1336 3793 1460 3845 nostras

509 3885 543 3947 in
559 3884 672 3945 virtute
687 3883 849 3965 patientiae
865 3883 1041 3965 possidere,
1055 3895 1087 3946 et
1102 3895 1288 3966 exspectare
1308 3884 1339 3945 in
1364 3884 1461 3946 devo-

510 3986 608 4059 tione,
624 3993 656 4046 et
670 3983 796 4046 silentio
812 3984 948 4046 salutare
965 3985 1038 4048 Dei.
1083 3983 1138 4047 Sic
1154 3986 1403 4067 expectantibus
1419 4007 1460 4047 ex

510 4086 676 4169 inopinato
688 4084 789 4148 aderit
802 4084 902 4167 gratia
914 4085 1121 4164 consolatrix,
1133 4099 1165 4150 et
1178 4098 1342 4170 amputato
1358 4089 1460 4170 capite

512 4186 710 4263 Holosemis,
721 4186 781 4249 filii
797 4187 896 4249 Israel
908 4186 964 4248 diu
977 4186 1154 4251 desiderata
1169 4208 1249 4271 pace
1264 4187 1457 4269 gaudebunt.

555 4290 627 4352 Nec
657 4286 816 4364 dehortor,
846 4287 924 4371 quin
954 4288 980 4351 si
1008 4288 1053 4350 ita
1088 4288 1206 4351 sederit
1240 4290 1367 4363 animo,
1386 4309 1458 4350 curn

511 4388 641 4452 domiuo
685 4409 760 4469 rege
799 4388 973 4470 Anglorum
1018 4409 1141 4469 pacem,
1170 4410 1265 4472 quam
1302 4386 1366 4449 fere
1402 4407 1458 4469 pro
