3734 5484
467 794 530 851 228
724 804 861 848 ioannis
876 802 1155 848 saaasusmunsrs
1326 785 1370 864 [a
1388 805 1421 849 u.

469 955 546 1040 quin
564 956 670 1038 potius
688 954 775 1038 quod
796 954 835 1017 ad
858 952 1021 1016 honestam
1045 974 1152 1039 pacem
1169 963 1200 1014 et
1216 951 1326 1016 utilem
1343 953 1421 1017 totis

469 1058 590 1120 viribus
620 1056 820 1121 laborabunt.
878 1057 950 1120 lloc
977 1055 1087 1142 scripsi
1114 1077 1153 1117 ne
1185 1055 1291 1118 nirncii
1322 1054 1420 1118 vestri

468 1158 576 1222 videar
600 1160 825 1243 contempsisse
855 1181 1040 1233 sermonem,
1071 1160 1127 1243 qui
1158 1157 1197 1219 ad
1228 1157 1418 1242 obsequium

469 1270 618 1336 vestrum,
630 1258 684 1323 ubi
701 1258 836 1322 facultas
847 1257 987 1336 affuerit,
998 1281 1067 1321 sum
1080 1269 1211 1343 paratus
1222 1256 1253 1320 in
1269 1256 1418 1322 Domino.

468 1358 589 1423 Valete.

487 1675 708 1737 EPISTOLA
732 1674 982 1738 coxon-m
996 1692 1192 1736 uaorsrnon
1209 1692 1395 1736 araaauuu.

833 1776 877 1853 [A.
889 1795 919 1838 o.
940 1775 1047 1854 ltro]

725 1936 812 1999 Idem
829 1938 992 2017 Magistro
1011 1937 1161 1998 Girordo.

507 2076 672 2137 Mouusrn
698 2071 772 2136 tulit
787 2072 934 2137 dominus
954 2095 1042 2136 meus
1056 2070 1310 2158 archiepiscopus
1324 2072 1414 2157 quod

463 2195 518 2235 vos
542 2173 597 2258 qui
613 2174 731 2236 clavem
754 2173 878 2237 habetis
900 2173 1050 2252 scientim,
1069 2186 1100 2237 et
1123 2174 1156 2237 in
1179 2173 1248 2258 lege
1275 2174 1416 2247 Domini,

461 2295 557 2356 quam
581 2273 708 2358 publice
737 2273 867 2347 docetis,
886 2272 1009 2358 jugiter
1031 2273 1240 2359 occupamini,
1262 2274 1341 2337 adeo
1363 2286 1412 2354 ut,

461 2374 632 2437 mundanis
653 2373 826 2461 disciplinis
849 2374 977 2461 penitus
1000 2374 1133 2459 rejectis,
1151 2374 1246 2439 solius
1269 2375 1412 2440 veritatis

460 2487 493 2540 et
503 2477 640 2559 justi-tiae
655 2499 742 2539 sacra
764 2476 986 2561 profiteamini,
1003 2475 1154 2540 Cantuar.
1176 2477 1410 2555 archidiacono,

460 2600 556 2663 quem
573 2578 752 2642 solemniter
763 2578 1071 2642 excommunicatum
1085 2601 1150 2641 esse
1163 2600 1225 2641 nou
1240 2578 1412 2664 ambigitis,

459 2682 690 2744 communicare
713 2678 961 2765 praesumpsistis
989 2680 1137 2762 exemplo
1166 2679 1352 2764 pernicioso,
1378 2691 1411 2745 et

459 2779 546 2864 quod
563 2780 644 2844 sicut
657 2793 792 2843 vestram
808 2778 1029 2842 conscientiam
1042 2778 1141 2856 laedit,
1151 2777 1195 2842 sic
1210 2800 1271 2842 non
1288 2779 1410 2843 modice

458 2880 605 2964 denigrat
620 2894 651 2945 et
665 2881 793 2945 famam.
839 2882 921 2943 Nam
942 2902 999 2943 uec
1015 2879 1046 2942 in
1062 2879 1166 2943 minus
1183 2879 1287 2965 perito
1302 2893 1410 2944 tantus

457 2980 559 3043 facilis
573 2994 653 3045 esset
669 3005 825 3059 excessus,
842 3004 881 3044 ne
901 2981 979 3044 dum
1000 2981 1032 3044 in
1049 2979 1116 3058 illo,
1131 2981 1224 3063 cujus
1239 3003 1300 3044 non
1315 2981 1412 3046 modo

458 3079 614 3155 doctrina,
636 3081 689 3143 sed
710 3094 742 3145 et
767 3081 834 3144 vita
853 3081 949 3145 debet
974 3081 1175 3146 auditoribus
1194 3104 1260 3144 esse
1282 3082 1411 3146 virtutis

457 3179 629 3266 exemplar.
677 3180 750 3259 Sed,
770 3182 848 3266 quia
867 3181 1051 3245 credibilius
1071 3195 1118 3246 est
1134 3206 1190 3246 vos
1210 3182 1250 3246 de
1272 3183 1411 3247 humana

455 3281 650 3361 infirmitate,
665 3305 761 3367 quam
782 3280 823 3345 de
843 3280 972 3344 malitiae
993 3284 1210 3366 perversitate,
1225 3283 1297 3348 licet
1312 3307 1410 3367 grave

456 3383 549 3447 nimis
564 3383 604 3448 sit
619 3383 707 3469 quod
722 3381 906 3457 admisistis,
919 3403 1074 3467 peccasse,
1090 3383 1129 3445 de
1146 3383 1294 3448 mandato
1309 3383 1409 3468 ipsius

456 3484 570 3549 litteris
591 3485 703 3548 vestris
730 3483 904 3569 respondeo
927 3506 1001 3568 quae
1025 3497 1222 3568 sequuntur:
1251 3482 1409 3570 mittoque

455 3587 643 3672 rescriptum
665 3585 841 3650 litterarum
866 3609 946 3672 quas
968 3585 1008 3649 ad
1032 3586 1267 3649 excusationem
1286 3586 1335 3650 sui
1351 3586 1409 3650 do·

456 3687 541 3749 mino
564 3688 707 3771 Sagiensi
723 3687 907 3761 transmisit,
930 3687 986 3773 qui
1003 3700 1166 3750 monuerat
1183 3699 1219 3750 ut
1235 3686 1263 3750 ei
1281 3686 1409 3752 Parisiis

455 3798 634 3847 occurreret
656 3786 688 3846 iu
712 3784 878 3849 Incertum.
923 3786 999 3860 Sed,
1024 3798 1060 3849 ut
1087 3784 1186 3862 scitia,
1208 3808 1265 3849 nec
1286 3787 1409 3871 equita·

455 3899 552 3960 turas,
569 3908 626 3947 uec
647 3907 812 3970 expensas,
828 3907 885 3947 nec
908 3886 1016 3961 socios,
1033 3886 1089 3972 qui
1113 3909 1169 3971 per
1190 3909 1324 3972 regnum
1345 3888 1408 3953 dis·

453 3988 536 4074 persi
553 3997 638 4061 sunt,
655 3988 693 4050 ad
712 3997 775 4048 tam
792 3985 918 4048 crebros
932 4000 964 4049 et
981 3987 1109 4050 inutiles
1123 3988 1287 4054 discursus
1301 4001 1406 4075 potest

452 4104 517 4155 tam
548 4090 654 4155 subito
683 4109 881 4173 praeparare:
914 4086 1002 4170 quod
1032 4086 1125 4151 etiam
1154 4090 1322 4175 sapientes,
1348 4095 1406 4176 qui

451 4214 524 4254 eum
546 4204 610 4255 tam
634 4189 726 4253 facile
748 4200 891 4265 evocant,
906 4200 1092 4273 oportuerat
1114 4189 1295 4273 praenretiri.
1342 4191 1405 4260 Vos

451 4310 557 4355 autem
580 4291 762 4376 diligentior
784 4289 946 4368 extitistis,
962 4289 1017 4374 qui
1042 4293 1081 4366 ei,
1098 4312 1161 4353 uno
1183 4290 1342 4356 duntaxat
1357 4290 1405 4354 in-

452 4392 604 4473 terposito
619 4389 680 4464 die,
697 4403 818 4454 certum
835 4389 1051 4473 praestituistis
1066 4390 1163 4467 diem,
1177 4404 1213 4455 ut
1230 4391 1403 4476 diplomate
