3734 5484
526 819 589 877 984
801 828 937 873 ioannis
954 826 1232 873 sanusnnnrmvms
1381 811 1426 886 [a.
1442 828 1479 871 n.

525 984 580 1044 sod
596 980 622 1042 is
638 983 799 1065 praecipue
820 979 875 1064 qui
891 978 931 1041 de
947 990 1030 1041 terra
1045 977 1183 1041 clamans
1205 977 1246 1040 ad
1271 977 1375 1039 Deum
1401 976 1480 1039 fide-

526 1082 601 1144 lium
630 1081 798 1145 devotione
820 1080 964 1143 defertur
987 1078 1017 1141 in
1042 1080 1224 1143 universum
1247 1082 1364 1141 orbem.
1411 1078 1478 1142 Sed

524 1183 710 1246 benedictus
738 1181 838 1261 Deus,
860 1182 1045 1244 benedictus
1071 1180 1267 1264 apostolatus
1285 1194 1394 1257 ‚vester
1420 1180 1479 1263 qui

523 1305 580 1345 nos
596 1281 775 1344 consolatus
790 1294 837 1343 est
853 1279 1053 1343 dominorum
1069 1279 1273 1343 cardinalium
1290 1282 1394 1364 gratia
1414 1280 1478 1344 Dei

523 1395 713 1467 cooperante
735 1379 902 1456 industria,
924 1379 956 1441 in
982 1379 1184 1443 tribulatione
1206 1392 1324 1460 nostra,
1346 1394 1381 1443 ut
1405 1394 1479 1464 post

524 1482 688 1565 angustias
704 1481 785 1544 tanti
802 1480 960 1561 naufragii
976 1479 1016 1542 ad
1035 1479 1152 1544 debitae
1169 1480 1323 1543 libertatis
1346 1493 1476 1564 portum

524 1583 689 1646 accessisse
705 1582 852 1646 videatur
866 1581 1006 1658 ecclesia,
1023 1595 1057 1644 ut
1081 1580 1327 1644 abominationes
1351 1580 1478 1664 AEgyp

525 1685 641 1748 tiorum
659 1688 729 1747 Deo
744 1706 802 1746 suo
814 1706 922 1744 secure
936 1682 1037 1745 valeat
1053 1681 1224 1745 immolare.
1263 1683 1376 1767 Nuper
1390 1683 1476 1745 enim

524 1786 682 1849 emanavit
694 1786 735 1847 ab
750 1784 794 1846 eis
806 1783 990 1847 mandatum
1008 1782 1047 1845 de
1059 1782 1254 1845 celebrandis
1270 1782 1478 1846 electionibus

525 1887 556 1949 in
574 1908 683 1967 regno,
701 1898 731 1948 et
748 1883 897 1947 dominus
911 1906 967 1945 rex
984 1906 1093 1946 eorum
1110 1884 1258 1968 precibus
1280 1883 1482 1967 acquiescens

524 1986 653 2050 idoneos
664 1985 696 2046 in
708 1983 846 2046 ecelesiis
857 1982 1030 2046 secundum
1045 1986 1148 2047 Deum
1166 2000 1308 2068 pastores
1323 1987 1477 2069 praecepit

522 2087 673 2150 ordinari.
718 2084 863 2150 Universi
877 2084 976 2148 laetati
987 2098 1072 2159 sunt,
1087 2085 1140 2148 sed
1154 2108 1209 2148 nos
1225 2089 1310 2149 omni
1322 2086 1396 2170 jure
1407 2108 1476 2171 prae

522 2187 655 2262 cacteris,
672 2186 726 2271 qui
747 2186 779 2247 in
802 2184 913 2269 nrajori
936 2184 1114 2248 discrimine
1131 2188 1343 2250 versabamur.
1390 2190 1476 2251 Con·

523 2287 667 2350 venimus
681 2309 756 2369 ergo
778 2285 894 2369 saepius
915 2285 1023 2349 accitis
1038 2287 1193 2371 episcopis
1215 2287 1474 2369 provincialibus,

522 2402 554 2452 et
578 2388 646 2450 aliis
671 2387 711 2449 ad
739 2409 821 2471 quos
843 2386 954 2450 electio
979 2388 1169 2472 pertinebat,
1192 2403 1223 2452 et
1249 2388 1376 2452 tandem
1404 2392 1476 2452 Deo

522 2489 678 2570 dirigente
700 2510 827 2572 gressus
849 2501 972 2550 nostros
994 2488 1026 2549 in
1051 2488 1248 2574 beneplacito
1271 2513 1330 2553 suo
1351 2490 1473 2553 factum

521 2604 569 2654 est
585 2590 732 2654 omnibus
747 2612 800 2651 cor
816 2611 915 2650 unum
932 2602 963 2651 et
980 2591 1085 2652 anima
1103 2612 1181 2653 uua:
1206 2590 1293 2675 quod
1310 2592 1376 2654 sine
1390 2604 1473 2653 nutu

520 2692 630 2755 divino
646 2714 707 2754 non
723 2690 828 2776 potuit
841 2689 1000 2765 accidisse,
1014 2704 1049 2753 ut
1066 2702 1130 2752 tam
1146 2689 1282 2753 dissonae
1296 2691 1476 2755 voluntates

521 2794 553 2856 in
579 2791 784 2877 adimplenda
806 2812 967 2853 sacrorum
989 2812 1144 2853 canonum
1168 2791 1270 2854 forma
1293 2806 1358 2855 tam
1380 2792 1473 2855 facile

522 2896 696 2959 unirentur.
743 2894 913 2955 Praeeunte
928 2914 1004 2975 ergo
1019 2890 1176 2955 desiderio
1191 2906 1223 2955 et
1238 2916 1331 2976 prere
1346 2894 1471 2977 populi,

522 2995 591 3080 pari
606 3006 692 3072 voto,
708 2991 848 3055 unanimi
864 3013 1016 3054 consensu
1032 2993 1235 3055 convenimus
1251 2996 1284 3055 in
1301 2994 1417 3071 virum,
1434 2994 1475 3057 de

504 3120 588 3181 .quo
615 3099 773 3159 Dominus
795 3094 923 3157 videtur
944 3093 1061 3157 dixisse
1083 3095 1192 3158 nobis:
1232 3096 1296 3158 Hic
1319 3110 1366 3159 est
1389 3096 1475 3160 filius

522 3220 610 3262 meus
635 3195 771 3259 dilectus
796 3194 827 3255 in
855 3217 921 3279 quo
948 3194 1025 3257 mihi
1053 3197 1132 3259 bene
1156 3196 1343 3282 complacui,
1365 3196 1472 3282 ipsum

521 3297 647 3381 eligite:
668 3296 817 3382 quoniam
842 3318 892 3356 me
915 3318 987 3357 cum
1017 3311 1157 3381 martyre
1183 3320 1264 3374 meo,
1287 3320 1383 3383 quem
1406 3298 1475 3384 ipse

521 3422 580 3486 pro
602 3422 652 3462 me
674 3397 846 3484 patientem
869 3396 1052 3460 inveritate
1074 3397 1199 3479 dilexit,
1214 3400 1327 3463 devote
1349 3399 1469 3473 coluit3

519 3514 551 3565 et
566 3501 598 3564 in
614 3500 709 3563 domo
723 3520 794 3561 mea
808 3498 849 3561 ab
864 3498 994 3561 ineunte
1006 3513 1100 3562 aetate
1115 3498 1251 3564 fideliter
1266 3513 1472 3565 conversatus

520 3618 579 3681 est,
602 3602 750 3689 praeelegi
774 3600 938 3677 vicarium,
959 3615 990 3665 et
1013 3602 1152 3666 ordinari
1175 3602 1326 3687 praecipio
1349 3626 1471 3667 succes-

520 3727 632 3768 sorem.

566 3807 599 3867 Is
610 3819 657 3868 est
670 3808 710 3869 R.
726 3803 863 3867 ecclesiae
880 3820 995 3869 nostrae
1011 3809 1052 3870 ab
1068 3808 1278 3872 adolescentia
1293 3832 1349 3872 sua
1365 3832 1473 3872 mona·
1547 3831 1549 3836 ·

519 3905 609 3980 chus,
625 3916 657 3966 et
672 3902 756 3986 apud
774 3924 830 3966 nos
845 3903 885 3965 ad
909 3926 1016 3967 omnes
1040 3921 1205 3988 promotus
1227 3908 1365 3985 ordines,
1382 3910 1471 3993 prior

519 4003 699 4070 monasterii
715 4004 918 4078 Dovorensis‚
933 4026 1056 4068 morum
1069 4006 1233 4072 honestate
1245 4010 1469 4073 et-litterarum

517 4106 695 4174 eruditione
717 4102 916 4189 conspicuus,
941 4106 1103 4171 modestus
1128 4109 1160 4171 in
1185 4111 1292 4188 verbo,
1314 4110 1470 4194 providus

518 4215 550 4274 in
576 4207 724 4281 consiliis,
750 4205 906 4270 discretus
931 4206 962 4269 iu
993 4231 1098 4293 opere,
1122 4210 1154 4272 in
1181 4210 1293 4275 habitu
1318 4224 1349 4275 et
1375 4228 1470 4297 gestu

518 4333 623 4373 veram
642 4308 809 4390 temperati
831 4309 928 4372 animi
944 4312 1122 4394 exprimens
1139 4311 1281 4378 formam.
1342 4314 1467 4378 Decen-

518 4412 636 4475 tissime
659 4410 830 4473 sacerdotis
848 4410 956 4494 explet
977 4412 1130 4487 officium,
1147 4414 1235 4477 zelus
1254 4415 1373 4478 Christi
1397 4437 1468 4477 suc·
