3734 5484
450 792 515 852 258
709 803 847 848 snanms
864 799 1145 847 sanssnnursnsrs
1314 780 1362 860 [a.
1381 801 1419 845 n.

358 1010 362 1017 .
454 976 513 1040 pro
524 954 659 1017 veritate
671 953 758 1033 fidei,
767 952 871 1017 zelum
880 951 1026 1039 justitiae,
1037 948 1242 1014 consessionis
1251 950 1424 1033 virtutem,

453 1066 486 1119 et
500 1054 629 1119 invictae
641 1055 829 1120 constantiae
844 1052 1125 1141 perseverantiam,
1134 1050 1278 1116 facturus
1293 1064 1364 1117 erat
1380 1052 1423 1116 de

454 1157 597 1221 veritatis
613 1180 649 1221 ac
664 1156 739 1220 fidei
755 1154 946 1220 adversariis
963 1153 1208 1238 triumphantes.
1246 1154 1328 1230 Quae
1344 1176 1422 1239 pro-

454 1256 540 1321 fecto
562 1256 653 1321 nulla
675 1257 798 1321 ratione
820 1256 959 1321 scribere
980 1256 1264 1339 praesumpsissem,
1281 1252 1347 1316 nisi
1369 1275 1422 1318 me

454 1381 551 1445 super
567 1359 617 1423 bis
631 1359 711 1423 fides
725 1359 854 1424 oculata
868 1357 1080 1422 certissimum
1097 1355 1298 1422 reddidisset.

499 1463 652 1547 Superest
675 1460 786 1546 itaque
809 1473 846 1525 ut
869 1474 1009 1524 nostram
1033 1458 1225 1543 parvitatem
1242 1470 1349 1522 vestra
1371 1458 1420 1523 in-

454 1574 561 1626 struat
570 1562 720 1638 eruditio,
732 1584 771 1625 an
782 1563 863 1627 citra
873 1561 1012 1626 Romani
1022 1560 1181 1646 pontificis
1192 1563 1420 1624 auctoritatem

456 1674 564 1730 tutum
582 1666 623 1729 sit
643 1663 675 1727 in
699 1667 864 1729 missarum
884 1663 1032 1727 solenniis
1054 1676 1086 1726 et
1106 1661 1176 1725 aliis
1196 1660 1335 1747 publicis
1348 1684 1421 1726 ora-

456 1764 600 1830 tionibus
620 1786 692 1828 eum
712 1764 744 1828 in
765 1765 910 1849 catalogo
930 1776 1110 1847 martyrum
1130 1774 1284 1845 tanquam
1306 1760 1422 1827 salutis

455 1865 622 1951 praesidem
647 1866 805 1942 invocare,
828 1888 868 1928 an
891 1865 998 1928 adhuc
1020 1864 1059 1939 ei,
1083 1886 1180 1949 quem
1204 1866 1295 1927 Deus
1317 1864 1420 1929 tantis

456 1966 683 2031 miraculorum
706 1966 891 2032 clarificavit
914 1965 1050 2040 indiciis,
1073 1964 1164 2049 qnasi
1187 1964 1240 2027 alii
1262 1963 1420 2030 defuncto

456 2068 615 2132 orationes
630 2069 850 2134 subventorias
866 2082 1032 2132 teneamur
1046 2065 1218 2131 exsolvere.
1265 2066 1420 2132 Timetur

455 2167 539 2230 enim
564 2191 605 2231 ne
632 2169 675 2232 sic
700 2169 812 2233 orandi
839 2170 990 2233 instantia
1015 2169 1102 2233 beati
1124 2170 1274 2253 martyris
1298 2166 1420 2253 injuria

456 2266 617 2343 videatur,
638 2281 670 2332 et
693 2270 926 2334 incredulitatis
949 2269 1128 2355 praetendat
1150 2269 1319 2355 imaginem
1342 2282 1419 2355 post

457 2379 505 2432 tot
532 2368 695 2454 signorum
718 2370 949 2435 exhibitionem
975 2372 1116 2435 nondum
1142 2394 1252 2435 secura
1274 2370 1417 2435 devotio.

457 2470 480 2534 J
481 2493 532 2536 am
548 2495 645 2558 super
659 2473 719 2537 hoc
734 2474 899 2538 consultus
910 2486 991 2538 esset
1005 2475 1171 2538 Romanus
1186 2471 1342 2558 pontifex,
1354 2472 1417 2536 nisi

457 2573 534 2659 quia
549 2574 686 2638 facultas
706 2575 891 2639 transeundi
914 2575 995 2639 adeo
1014 2575 1163 2639 omnibus
1184 2574 1341 2659 praeclusa
1355 2586 1416 2651 est,

458 2686 496 2740 ut
517 2674 627 2740 nullus
649 2675 689 2739 ad
712 2676 876 2761 navigium
899 2676 1091 2740 admittatur
1116 2675 1176 2738 nisi
1199 2673 1306 2737 literas
1331 2675 1418 2760 regis

456 2790 531 2841 ante
546 2776 734 2862 porrexerit.
779 2777 882 2842 Nobis
895 2792 1000 2842 tamen
1016 2777 1141 2841 interim
1157 2776 1334 2840 consultius
1348 2799 1417 2839 esse

456 2875 585 2942 videtur
601 2890 638 2943 ut
653 2879 836 2945 assistamus
851 2880 983 2945 Domini
999 2878 1170 2957 voluntati,
1185 2889 1217 2941 et
1235 2899 1330 2963 quern
1346 2878 1417 2961 ipse

456 2975 613 3040 honorare
634 2978 787 3061 dignatur
810 2994 847 3045 ut
870 2995 1055 3066 martyrem,
1071 3002 1140 3054 uos,
1156 2979 1221 3043 sive
1240 2993 1418 3059 cantemus,

456 3073 524 3136 sive
545 3075 719 3159 ploremus,
742 3092 779 3142 ut
805 3093 978 3165 martyrem
1001 3102 1197 3144 veneremur.
1243 3082 1327 3143 Nam
1348 3078 1417 3142 fere

455 3174 489 3238 in
501 3175 649 3239 omnibus
662 3179 773 3241 mundi
786 3181 932 3264 partibus
945 3186 1046 3257 Deus,
1060 3204 1122 3245 nou
1134 3194 1301 3266 expectata
1310 3180 1417 3265 cujus-

456 3298 584 3364 cunque
598 3278 735 3343 hominis
755 3282 959 3358 auctoritate,
974 3285 1082 3368 potuit
1097 3295 1129 3348 et
1144 3282 1306 3372 consuevit
1321 3282 1414 3347 clari-

456 3380 550 3444 ficare
576 3404 658 3467 quos
683 3382 805 3448 voluit:
844 3384 932 3469 quod
964 3385 1098 3469 sapienti
1129 3407 1190 3447 non
1218 3396 1414 3468 potestesse
1464 3402 1467 3407 ·

457 3483 657 3568 ambiguum,
678 3486 735 3570 qni
758 3486 860 3551 varias
884 3486 1057 3573 scripturas
1079 3486 1186 3551 solerti
1208 3485 1412 3570 indagatione

457 3582 644 3668 diligentius
658 3601 889 3671 perscrutatur.

522 3845 744 3909 EPISTOLA
768 3846 985 3910 CCCV.-ro
1000 3867 1222 3912 senonensem
1237 3868 1354 3914 sacm-

711 3962 908 4009 nr1scornn.
945 3948 990 4027 [A.
1007 3968 1039 4011 n.
1057 3951 1165 4031 liti]

486 4080 626 4145 Domino
642 4078 824 4144 Senonensa'
839 4081 947 4143 miseri
962 4081 1021 4156 illi,
1039 4084 1096 4163 qui
1110 4085 1380 4169 quondamsucre

802 4181 1065 4247 Cantaurienses.

501 4296 648 4358 Aconum
662 4303 819 4367 nostrum,
834 4315 929 4378 quem
946 4315 1018 4357 cum
1036 4305 1176 4379 martyre
1190 4293 1328 4379 glorioso
1342 4317 1414 4381 per-

459 4391 601 4473 tulimus,
617 4393 763 4459 viderunt
778 4394 862 4457 oculi
878 4397 986 4473 vestri,
1002 4418 1083 4478 quos
1099 4408 1163 4459 tam
1178 4396 1297 4473 innata,
1313 4420 1411 4483 quam
