3734 5484
500 768 559 825 tot
755 783 889 826 ruamus
905 781 1183 826 sunuseumuusts
1356 763 1401 841 [r.
1418 782 1451 823 u·

499 945 674 1015 susceptus,
698 946 836 1017 aegrotus
859 934 1039 997 adversetur
1061 934 1178 997 medici
1201 934 1250 996 sui
1273 934 1449 996 cauterium

499 1034 550 1095 vel
566 1054 729 1097 caesuram.
774 1035 858 1106 Quid
874 1055 948 1116 ergo
964 1035 990 1097 si
1006 1034 1151 1098 medicus
1166 1056 1306 1111 manum,
1318 1055 1390 1115 quae
1407 1032 1449 1095 ad

499 1155 597 1217 opera
610 1137 695 1199 bona
711 1136 765 1198 diu
780 1146 913 1212 aruerat,
928 1136 969 1198 ad
992 1148 1117 1219 tempus
1131 1136 1244 1199 incidit
1260 1137 1397 1210 velunt,
1413 1144 1448 1196 ut

499 1234 611 1298 reddat
629 1247 782 1319 perpetuo
803 1235 986 1298 fortiorem?
1026 1238 1101 1300 Non
1120 1247 1227 1318 stupet
1242 1236 1283 1297 ad
1303 1236 1372 1298 haec
1393 1235 1448 1317 qui

498 1336 644 1400 Cirillum
670 1338 756 1420 quod
782 1350 831 1400 est
854 1358 983 1399 manum
1005 1336 1143 1399 debilem
1166 1347 1310 1399 curatum
1332 1335 1409 1416 legit
1431 1356 1449 1397 a

498 1437 636 1501 Christo.
683 1441 758 1520 Ipse
770 1440 854 1501 enim
872 1440 991 1522 estqui
1006 1439 1143 1521 percutit
1158 1451 1189 1500 et
1204 1448 1306 1513 sanat,
1317 1450 1349 1500 et
1360 1436 1447 1520 quod

498 1540 600 1620 magis
623 1551 672 1602 est
695 1540 815 1603 occidit
842 1551 877 1602 ut
902 1540 1051 1602 vivificet.
1097 1541 1177 1601 Esto
1204 1539 1291 1622 quod
1316 1538 1383 1619 regi
1408 1536 1448 1600 sit

498 1641 623 1704 indulta
638 1642 758 1719 dilatio,
772 1665 837 1705 non
857 1654 965 1706 tamen
987 1644 1020 1705 iu
1044 1641 1128 1705 diem
1152 1652 1283 1718 certum,
1298 1642 1374 1724 quia
1387 1660 1448 1732 uec
1485 1665 1491 1676 ·

498 1744 561 1806 hoc
592 1746 751 1817 asseritur,
778 1744 872 1807 facile
902 1745 1019 1826 poterit
1048 1745 1123 1826 quia
1148 1757 1291 1827 speratur
1320 1752 1449 1805 auctore

499 1844 640 1905 Domino
666 1864 771 1905 causae
795 1854 896 1906 status
921 1844 955 1905 in
982 1844 1141 1907 meliorem
1168 1843 1326 1906 calculum
1353 1842 1447 1903 resor-

497 1945 586 2006 mari.
638 1944 721 2006 Sane
745 1965 807 2007 nec
832 1946 961 2025 ambigo
985 1944 1231 2021 reformandum,
1255 1965 1315 2007 nec
1341 1955 1446 2006 tamen

498 2046 559 2107 hoc
580 2065 739 2127 praesumo
756 2043 795 2105 de
810 2044 941 2106 homine
964 2044 1021 2107 sed
1044 2044 1085 2106 de
1103 2046 1159 2107 illo
1182 2044 1275 2127 cujus
1298 2044 1446 2127 majestas

496 2159 562 2210 tam
577 2146 697 2209 crebris
712 2156 777 2207 tam
792 2146 978 2227 patentibus
994 2157 1183 2227 provocatur
1196 2144 1329 2227 injuriis.
1360 2146 1445 2207 Nam

497 2248 691 2331 prosperitas
700 2247 868 2309 stultorum
877 2245 1079 2327 perdetillos.
1096 2245 1190 2318 Quod
1201 2267 1274 2308 vero
1285 2244 1447 2328 adjecistis

496 2351 588 2412 illum
611 2351 761 2422 electum,
777 2347 834 2411 sed
858 2359 894 2408 ut
913 2346 1054 2409 creditur
1069 2350 1236 2431 reprobum
1261 2347 1333 2424 Dei,
1349 2349 1447 2409 bene·

497 2449 671 2511 dictionem
688 2470 707 2510 a
723 2447 854 2510 domino
865 2469 951 2531 papa
962 2448 1102 2530 potuisse
1113 2447 1256 2510 obtinere
1272 2448 1299 2510 si
1314 2450 1447 2511 barbam

496 2551 657 2635 deponere
687 2550 848 2626 voluisset,
878 2549 1046 2611 ridiculum
1081 2560 1140 2627 est,
1168 2550 1231 2611 nisi
1260 2550 1337 2612 sorte
1368 2551 1447 2613 tanti

497 2655 607 2717 fecerit
621 2655 753 2715 barbam
776 2665 812 2714 ut
833 2648 1003 2715 crediderit
1023 2652 1063 2715 de
1085 2673 1119 2714 se
1141 2652 1227 2735 quod
1244 2652 1284 2713 de
1301 2652 1445 2715 Sansoue

496 2755 620 2837 legitur,
646 2754 722 2838 quia
747 2754 776 2815 ei
803 2754 901 2816 virtus
923 2764 955 2815 et
978 2753 1128 2816 fortitudo
1155 2765 1279 2817 constet
1302 2755 1336 2816 in
1362 2755 1447 2837 pilis.

497 2857 666 2933 Caeterum,
688 2855 775 2937 quod
793 2855 879 2918 fama
904 2855 1086 2937 divulgante
1109 2866 1141 2919 et
1164 2856 1241 2919 viris
1262 2857 1447 2919 extantibus

497 2958 691 3037 argumentis
714 2968 823 3019 notum
846 2967 905 3033 est,
919 2957 1071 3020 fortitudo
1091 2957 1160 3041 ejus
1181 2958 1215 3020 iu
1237 2958 1356 3021 lumbis
1378 2958 1446 3041 ejus

495 3069 529 3118 et
548 3056 646 3117 virtus
669 3056 702 3116 iu
727 3055 871 3137 nequitia
894 3068 926 3116 et
945 3054 1020 3118 dolo
1046 3067 1078 3117 et
1104 3057 1240 3120 audacia
1262 3058 1446 3121 mentiendi.

496 3152 755 3237 comprehendet
776 3154 934 3215 Dominus
956 3155 1119 3236 sapientes
1140 3158 1173 3219 iu
1197 3160 1313 3221 astutia
1334 3181 1392 3222 sua
1413 3171 1446 3222 et

495 3258 536 3321 ad
556 3255 688 3336 gloriam
710 3252 848 3315 nominis
871 3253 919 3314 sui
943 3254 1095 3335 expediet
1117 3278 1244 3320 causam
1268 3279 1356 3321 suam
1379 3283 1444 3324 non

494 3380 553 3443 per
575 3378 631 3420 eos
657 3356 697 3418 de
724 3355 841 3439 quibus
867 3376 941 3437 spes
964 3355 1141 3418 habebatur
1166 3358 1223 3420 sed
1250 3380 1445 3444 quocunque

492 3459 646 3521 miraculo
659 3478 724 3519 su0.
760 3456 846 3518 Nam
861 3465 897 3517 ut
911 3456 1133 3539 scriptumest,
1145 3458 1239 3518 Nova
1253 3460 1338 3521 bella
1348 3462 1445 3541 elegit

494 3560 670 3634 Dominus;
688 3568 796 3640 portas
810 3556 950 3619 hostium
964 3556 1033 3638 ipse
1048 3557 1209 3619 subvertit.
1242 3558 1442 3625 Pharaonem

493 3671 758 3743 expugnaverunt
780 3658 911 3736 culices,
928 3657 1025 3721 vidua
1046 3658 1240 3737 Olofernem‚
1263 3671 1295 3724 et
1317 3663 1442 3745 pedites

494 3783 601 3841 regem
637 3761 739 3841 Syriae
775 3759 1033 3840 potentissimum
1070 3760 1218 3839 leguntur
1255 3775 1328 3825 ante
1362 3766 1442 3829 alios

494 3880 704 3944 expugnasse.
749 3860 800 3920 De
827 3858 1026 3921 reformanda
1047 3880 1128 3942 pace
1154 3861 1297 3927 ecclesiae
1321 3867 1444 3931 laborat

494 3982 602 4025 comes
618 3961 644 4022 F
645 3959 788 4035 laudriae,
804 3980 936 4041 sperans
955 3960 1039 4022 inter
1054 3981 1144 4040 reges
1159 3984 1192 4024 se
1208 3964 1334 4029 facilius
1350 3990 1442 4050 posse

493 4082 695 4145 componere,
709 4060 736 4122 si
757 4059 919 4122 domiuum
943 4059 1205 4126 Cantuariensem
1227 4067 1372 4131 habuerit
1387 4072 1443 4133 ad·

489 4166 637 4248 jutorem.
681 4164 754 4225 Jam
776 4161 851 4224 iude
874 4162 1019 4225 tractavit
1041 4184 1114 4225 cum
1139 4186 1210 4247 rege
1233 4170 1363 4251 Angliae,
1386 4194 1441 4253 pro

494 4286 558 4349 quo
574 4263 712 4325 maxime
728 4263 893 4326 sollicitari
913 4263 1107 4343 c1·editur,et
1123 4265 1384 4333 Cantuariensem
1400 4272 1441 4335 ad

493 4365 687 4445 colloquium
697 4364 841 4427 secundo
855 4363 1010 4441 inritavit,
1020 4378 1052 4429 et
1063 4388 1147 4429 nunc
1165 4369 1291 4451 quidem
1304 4372 1442 4437 obtinuit
