3734 5484
513 775 572 833 162
769 788 905 831 scaurus
921 785 1199 831 sannsnnrnansrs
1367 768 1411 845 [Α.
1430 787 1461 828 υ,

513 958 613 1001 cerem
636 936 745 1022 aliqua
767 936 901 999 dicenda
922 960 981 1021 pro
1002 949 1058 1000 tua
1079 935 1209 1020 quidem
1227 934 1383 999 utilitate:
1410 934 1464 997 sed

511 1060 619 1101 vereor
643 1061 682 1101 ne
706 1038 766 1101 sub
794 1050 955 1123 praetextu
982 1038 1145 1123 profectus
1171 1036 1275 1116 alieni,
1299 1036 1463 1121 proprium

510 1139 635 1203 viderer
649 1153 775 1224 captare
799 1144 933 1204 lucrum.
979 1140 1069 1203 Nihil
1092 1140 1174 1203 enim
1189 1153 1236 1203 est
1253 1152 1369 1223 praeter
1384 1139 1463 1201 cari-

508 1254 620 1317 tatem,
637 1241 722 1326 quod
745 1242 786 1303 ab
809 1240 917 1304 amicis
940 1263 1082 1304 censeam
1105 1240 1310 1326 exigendum,
1326 1240 1382 1325 qui
1405 1262 1463 1324 per

509 1343 644 1426 gratiam
666 1343 728 1405 Dei
743 1356 775 1406 et
792 1357 933 1406 veterum
959 1342 1143 1420 amicorum,
1159 1342 1235 1405 satis
1258 1340 1405 1403 abundo:
1430 1353 1462 1404 et

508 1443 686 1527 apostolum
699 1443 795 1506 audio
804 1443 999 1517 suadentem,
1010 1442 1126 1505 nemini
1137 1441 1309 1526 quicquam
1319 1439 1462 1504 debeatis

508 1543 568 1608 nisi
585 1556 620 1608 ut
636 1545 770 1609 invicem
785 1544 935 1628 diligatis.
971 1545 1129 1608 Dominus
1145 1542 1383 1607 Cantuariensis
1397 1563 1459 1604 non

509 1646 569 1710 sibi
586 1646 720 1722 laborat,
737 1647 792 1710 sed
815 1647 893 1722 aliis,
910 1646 987 1731 quia
1010 1646 1170 1730 profectus
1192 1646 1261 1729 ejus
1277 1644 1339 1707 Dei
1358 1643 1461 1727 gloria

507 1748 579 1826 erit,
591 1748 775 1832 triumphus
789 1749 938 1822 ecclesiae,
951 1747 1024 1811 cleri
1041 1747 1141 1810 totius
1156 1746 1309 1810 liberatio.
1338 1744 1459 1809 Militat

508 1846 636 1930 quidem
658 1848 796 1932 publieae
819 1847 963 1921 utilitati,
979 1846 1033 1909 sed
1056 1847 1162 1910 adbuc
1184 1845 1351 1929 stipendiis
1374 1844 1457 1907 suis:

508 1946 605 2010 immo
620 1949 705 2033 quod
722 1961 899 2012 nostratum
915 1946 1088 2031 ignominia
1103 1962 1162 2024 est,
1177 1948 1281 2032 gentis
1296 1947 1415 2011 alienae.

593 2257 812 2319 EPISTOLA
842 2257 1080 2320 cumn-n>
1097 2274 1308 2320 RADULPHUM
1325 2278 1368 2320 nu

755 2376 928 2419 wmcnmu.
980 2357 1025 2434 [r.
1040 2376 1070 2417 n.
1091 2356 1197 2435 lma]

713 2516 801 2579 Idem
819 2517 993 2598 Rodulplro
1008 2518 1047 2578 de
1068 2516 1240 2595 Wlnpram.

548 2652 661 2713 Danlr
677 2650 747 2725 tibi,
764 2650 967 2714 dilectissime
982 2650 1092 2728 frater,
1108 2650 1156 2726 (ut
1174 2648 1280 2730 audio)
1297 2651 1456 2714 Dominus

504 2751 680 2816 sacerdotio
695 2752 798 2836 fungi,
815 2753 871 2816 sed
888 2751 1008 2816 utinam
1031 2751 1238 2837 promerearis
1258 2750 1373 2814 babere
1388 2753 1456 2816 lau-

398 2913 400 2916 .
500 2850 618 2914 demin
634 2853 760 2915 nomine
771 2853 853 2937 ejus.
887 2855 932 2915 Et
947 2851 1076 2936 quidem
1092 2874 1162 2935 spes
1177 2863 1235 2926 est,
1248 2850 1334 2934 quod
1351 2853 1455 2935 gratia

501 2973 575 3033 quae
587 2952 667 3014 tanti
680 2953 754 3015 boni
766 2952 891 3016 initium
904 2953 1049 3027 contulit,
1063 2952 1202 3015 conferet
1212 2951 1452 3027 incrementum,

500 3072 558 3111 nec
583 3061 681 3112 tantae
710 3052 938 3133 expectationis
968 3052 1109 3135 plantam
1136 3051 1285 3117 Christus
1314 3053 1452 3136 patietur

498 3170 648 3221 arescere,
664 3148 720 3231 qui
736 3147 864 3209 hortum
880 3150 1086 3232 protectionis
1106 3172 1170 3213 suae
1185 3150 1359 3213 munimine
1380 3174 1452 3213 con-

498 3246 622 3310 clusum
639 3246 781 3312 excolere
796 3245 909 3310 solitus
925 3260 972 3310 est
987 3260 1019 3311 et
1035 3249 1147 3331 rigare.
1179 3252 1261 3313 Eras
1275 3251 1452 3315 industrius

498 3348 582 3412 inter
601 3361 820 3412 conterraneos
842 3361 873 3410 et
896 3359 1072 3411 coaetaneos
1095 3360 1167 3411 tuos
1187 3363 1261 3412 ante
1281 3354 1453 3434 promotio-

498 3471 581 3525 nem,
597 3462 628 3513 et
645 3448 902 3535 praesumendum
917 3461 965 3512 est
983 3447 1023 3510 de
1039 3447 1252 3511 misericordia
1276 3450 1346 3520 Dei,
1364 3453 1450 3534 quod

494 3550 591 3633 juxta
605 3550 783 3635 apostolum
801 3550 910 3613 unctio
925 3550 994 3634 ejus
1010 3561 1041 3612 te
1056 3548 1097 3612 de
1118 3549 1266 3612 omnibus
1281 3552 1450 3634 expedien-

498 3652 585 3715 tibus
599 3651 753 3714 edocebit.
798 3651 914 3715 Omnia
928 3664 1047 3729 autem,
1061 3672 1134 3735 quae
1154 3651 1306 3735 magistra
1320 3657 1450 3716 caritate

495 3750 590 3824 fiunt,
600 3750 790 3834 expediunt:
808 3751 882 3833 quia
891 3751 1098 3835 diligentibus
1108 3748 1211 3813 Deum
1222 3750 1327 3812 omnia
1336 3774 1449 3836 coope-

495 3862 608 3911 rantur
622 3852 654 3912 in
670 3849 800 3925 bonum,
815 3866 846 3913 et
861 3850 1022 3913 oblectant
1037 3854 1186 3915 animum.
1217 3853 1373 3925 Quoniam
1387 3852 1446 3917 hoc

495 3950 610 4035 cuique
626 3950 669 4013 sic
689 3949 812 4013 arbitrii
827 3950 913 4013 laxat
938 3950 1087 4029 habenas,
1102 3964 1138 4015 ut
1161 3975 1254 4036 agere
1277 3953 1368 4018 liceat
1391 3954 1448 4018 im-

494 4075 579 4137 pune
602 4052 689 4137 quod
713 4050 819 4113 libeat.
866 4052 946 4115 Haec
971 4063 1005 4114 ut
1030 4050 1106 4114 mihi
1129 4052 1257 4116 dicendi
1279 4069 1448 4133 causaest,

493 4153 547 4232 sic,
562 4154 622 4216 tibi
637 4174 747 4237 precor
762 4153 790 4215 si
805 4164 908 4215 tamen
925 4152 1077 4236 expedire
1099 4152 1282 4230 credideris,
1298 4158 1381 4218 ratio
1403 4156 1444 4218 sit

492 4254 628 4317 consiliis
642 4252 876 4338 adquiescendi.
922 4256 1082 4317 Dominus
1105 4265 1181 4317 tuus
1202 4266 1234 4317 et
1256 4267 1347 4337 pater
1370 4268 1445 4317 tuus

492 4354 566 4415 exul
582 4367 612 4416 et
635 4354 831 4437 proscriptus
850 4376 909 4437 pro
923 4353 1070 4418 libertate
1094 4354 1233 4417 eeclesiae
1254 4375 1326 4415 cum
1348 4356 1444 4417 Petro
