3734 5484
455 818 519 875 278
590 852 593 858 ·
720 828 856 873 ross-xrs
870 826 1150 872 suassunnrsxsrs
1308 808 1356 887 [a.
1373 826 1408 869 n.

481 1067 697 1128 EPISTOLA
722 1065 972 1128 cccxv-‚m
986 1081 1185 1125 onustantur
1201 1080 1387 1124 xorsmru.

820 1164 865 1243 [s.
881 1185 910 1226 n.
929 1165 1039 1243 ilva]

746 1341 884 1403 Domino
900 1341 1061 1404 Gratiano
1075 1340 1125 1401 Jo.

501 1487 648 1547 Vuarrns
672 1483 804 1556 Christi,
827 1504 924 1567 quam
947 1484 980 1545 iu
1005 1483 1096 1545 vobis
1110 1504 1177 1545 esse
1192 1504 1260 1566 prae
1282 1480 1411 1543 caeteris

456 1586 512 1669 qui
536 1585 621 1647 missi
643 1586 770 1648 fueraut
791 1585 824 1647 in
846 1584 976 1669 negotio
998 1587 1097 1647 sancti
1112 1583 1246 1646 Thomae
1268 1581 1413 1644 muudus

456 1686 599 1769 agnovit,
613 1686 690 1748 mihi
706 1685 928 1749 confidentiam
946 1698 1088 1769 praestat,
1105 1696 1140 1747 ut
1155 1707 1209 1746 eos
1231 1705 1312 1768 quos
1327 1704 1411 1767 prae-

456 1786 524 1849 fato
553 1788 684 1871 martyri
710 1786 843 1850 devotos
866 1808 933 1848 esse
957 1797 1082 1849 constat
1107 1784 1268 1848 dilectioni
1294 1796 1412 1847 vestrae

455 1910 564 1950 secure
588 1888 720 1951 audeam
748 1887 980 1951 commendare.
1027 1888 1153 1949 Horum
1185 1909 1269 1949 unus
1296 1897 1344 1948 est
1375 1897 1409 1948 et

455 1989 670 2052 numerandus
694 1989 726 2052 in
752 1990 875 2075 primis,
903 1987 1094 2051 venerabilis
1117 1987 1166 2049 vir
1192 1987 1236 2049 R.
1258 1986 1407 2050 Wintou.

454 2088 584 2169 electus,
594 2090 756 2175 quondam
769 2091 951 2154 Pictavens.
964 2088 1084 2151 archid.
1096 2087 1292 2173 pupillorum
1302 2101 1407 2173 pater,

452 2207 484 2255 et
506 2195 708 2256 moerentium
729 2189 917 2264 consolator,
940 2189 1048 2253 fautor
1070 2190 1287 2254 ecclesiasticas
1309 2190 1407 2253 liber-

453 2292 538 2370 tatis,
548 2292 685 2376 justitiae
700 2292 814 2370 cultor,
830 2304 862 2355 et
883 2291 1061 2375 iniquitatis
1080 2292 1291 2372 adversarius,
1305 2314 1407 2377 quan·

454 2404 521 2455 tum
538 2412 596 2475 pro
612 2404 753 2476 tempore
768 2390 853 2469 licet,
865 2393 962 2453 immo
977 2390 1122 2467 ulterius,
1135 2404 1170 2455 ut
1185 2391 1217 2454 in
1233 2414 1305 2454 eum
1321 2415 1408 2477 saepe
1425 2388 1442 2398 ”

452 2516 512 2579 pro
527 2491 667 2556 Domino
678 2494 920 2556 contendentem
937 2514 998 2554 non
1011 2494 1078 2555 sinc
1092 2491 1235 2576 periculo
1250 2492 1407 2556 malorum

454 2595 593 2680 impetus
607 2594 825 2658 excandescat.
871 2595 980 2656 Homo
1001 2594 1137 2656 devotus
1155 2607 1203 2658 est
1225 2594 1408 2679 apostolicae

452 2696 519 2784 sedi
535 2709 567 2761 et
590 2699 684 2783 cujus
704 2696 903 2759 familiaritas
925 2695 1036 2757 honori
1061 2708 1164 2759 vestro
1187 2695 1289 2759 valeat
1310 2696 1410 2759 inser-

454 2798 531 2863 vire.
575 2803 621 2863 Et
644 2798 775 2884 quidem
802 2796 959 2860 desiderat
988 2813 1024 2859 ut
1048 2795 1200 2861 sedulitas
1225 2797 1295 2880 ejus
1318 2797 1409 2861 robis

452 2900 590 2965 officiosa
602 2901 701 2986 possit
716 2923 783 2963 esse
792 2903 824 2962 in
839 2899 961 2984 aliquo,
970 2898 1142 2983 magnique
1151 2899 1291 2962 censebit
1306 2899 1409 2964 instar

453 2996 593 3058 muneris
619 2997 645 3058 si
671 2996 700 3058 ei
727 2996 899 3080 quicquam
928 2996 1094 3079 injungere
1119 2994 1255 3058 voluerit
1280 2994 1410 3059 dilectio

453 3107 567 3158 vestra.
601 3097 685 3171 Quia
699 3118 776 3179 ergo
792 3096 965 3159 secundum
983 3095 1088 3159 Deum
1105 3096 1144 3158 ad
1162 3119 1294 3180 regnum
1310 3097 1409 3161 eccle-

452 3194 507 3259 siae
522 3195 692 3260 salubriter
711 3209 743 3258 et
759 3195 798 3258 ad
820 3197 1063 3260 consolationem
1084 3198 1257 3262 multorum
1274 3212 1408 3263 vocatus

452 3311 502 3362 est
517 3297 658 3362 caritatis
669 3309 781 3361 vestrae
796 3297 930 3380 genibus
946 3297 1135 3382 provolutus
1146 3312 1406 3385 quantacumque

452 3422 583 3485 possum
598 3398 748 3465 instantia
762 3397 919 3485 supplico,
935 3398 1089 3484 quatinus
1105 3411 1138 3463 et
1152 3422 1318 3485 personam
1333 3401 1405 3484 ejus

453 3514 485 3565 et
500 3524 626 3565 causam
649 3501 793 3565 habeatis
813 3501 1005 3586 propensius
1027 3500 1289 3577 commendatam,
1305 3514 1337 3565 et
1360 3504 1406 3566 sic

453 3602 552 3687 ipsius
568 3603 779 3687 promoveatis
795 3601 932 3685 negotia,
948 3601 1029 3667 sicut
1044 3601 1258 3686 expediendas
1272 3602 1405 3666 novistis

454 3702 639 3784 Anglicanae
662 3704 800 3767 ecclesiae
823 3703 1034 3767 necessitates.
1079 3706 1121 3768 Se
1135 3703 1218 3766 euim
1235 3715 1351 3782 totum,
1367 3717 1405 3768 ut

452 3799 635 3864 indubitata
649 3823 719 3885 spes
734 3814 793 3876 est,
812 3801 933 3866 Christi
948 3801 1078 3865 devovit
1093 3802 1257 3886 obsequio,
1273 3816 1407 3888 paratus

453 3900 546 3963 etiam
556 3898 715 3985 propriam
725 3899 861 3963 animam
878 3922 937 3985 pro
948 3900 1078 3965 ecclesia
1089 3902 1259 3966 victimare.
1282 3902 1406 3967 Valete.
