3734 5484
462 790 481 846 4
717 802 1147 847 roauu1ssaaasnnnmusrs
1323 780 1366 862 [u.
1385 802 1414 845 n.

465 954 670 1018 couscientia.
717 956 783 1016 Dat
808 965 914 1017 tamen
941 955 1089 1036 sperandi
1120 975 1244 1028 ausum,
1272 954 1327 1037 qui
1357 975 1418 1015 nos

464 1057 655 1138 ignobilium
685 1064 716 1117 et
744 1054 944 1119 infirmorum
974 1059 1094 1121 elector
1123 1055 1353 1119 ecclesiasticae
1379 1055 1418 1117 li·

463 1158 595 1220 bertatis
610 1155 804 1238 professores
827 1178 897 1219 esse
919 1159 1073 1240 permisit,
1091 1168 1263 1220 assertores
1273 1156 1419 1240 justitiae,

463 1268 495 1321 et
516 1268 613 1320 testes
634 1258 726 1338 legis,
749 1259 958 1320 asseverantis
985 1260 1071 1342 quod
1096 1280 1156 1321 nec
1184 1257 1330 1333 exilium,
1354 1278 1416 1319 neo

463 1360 741 1441 proscriptionem,
757 1358 930 1422 dummodo
947 1360 1002 1421 illa
1021 1361 1134 1441 vigeat,
1149 1381 1210 1442 pro
1227 1359 1296 1442 ipsa
1312 1358 1417 1420 fidelis

463 1460 579 1523 debeat
593 1459 772 1522 formidare.
817 1462 938 1523 Omnes
960 1482 1081 1524 caussae
1100 1472 1216 1523 nostrae
1233 1470 1322 1522 tenes
1340 1458 1415 1520 arti·

462 1564 572 1625 culos:
590 1562 852 1644 juramentorum,
869 1584 941 1645 quae
958 1562 1086 1625 anobis
1102 1572 1217 1626 exacta
1231 1570 1316 1636 suut,
1331 1559 1417 1622 nosti

461 1661 716 1744 conceptionem,
730 1670 764 1722 ut
779 1660 813 1722 in
827 1661 888 1723 hac
906 1662 1192 1743 partediligentius
1209 1657 1414 1743 explananda

462 1784 527 1824 non
543 1771 688 1842 oporteat
702 1760 872 1821 immorari.

505 1860 568 1923 Sed
591 1861 669 1922 sorte
690 1860 790 1932 dicae,
805 1858 892 1941 quod
913 1860 1037 1942 pridem
1060 1861 1222 1942 proposita
1243 1868 1418 1930 mutabitur

458 1963 594 2025 formula
604 1959 790 2044 juramenti:
815 1981 874 2021 nec
891 1971 1023 2040 cogetur
1037 1961 1151 2043 aliquis
1162 1961 1195 2024 in
1208 1968 1413 2048 reprobarum

462 2062 729 2127 consuetudinum
747 2061 842 2122 verba
852 2060 970 2142 jurare.
1009 2062 1191 2125 Contentus
1206 2066 1264 2127 erit
1278 2077 1414 2130 exactor

454 2163 638 2248 juramenti,
663 2162 690 2223 si
715 2160 878 2224 fidelitatis
904 2162 1069 2224 servandae
1096 2163 1158 2224 sibi
1187 2167 1350 2232 succincte
1381 2178 1414 2232 et

459 2266 603 2355 absolute
621 2264 718 2323 verba
740 2270 949 2344 praestentur:
973 2262 1019 2325 ita
1038 2263 1168 2346 quidem
1189 2276 1225 2328 ut
1246 2288 1312 2329 non
1331 2268 1412 2353 adji-

458 2365 569 2442 ciatur,
598 2364 713 2426 Fidem
742 2364 877 2425 ecclesie
907 2369 938 2425 el
965 2367 1173 2443 prelatorum
1203 2368 1412 2432 obedientlam

458 2468 672 2547 salvumfore.
714 2466 810 2543 Nam,
824 2474 860 2526 ut
875 2465 975 2539 aiunt,
991 2466 1063 2529 istis
1078 2488 1138 2529 nec
1155 2470 1220 2531 vult
1233 2491 1294 2533 nec
1312 2471 1412 2534 voluit

459 2567 677 2651 praejudicare.
701 2564 798 2637 Quod
812 2588 872 2628 nec
888 2566 1028 2646 exigitur
1037 2568 1261 2650 juramentum.
1291 2574 1410 2634 Verum

458 2668 485 2730 si
496 2668 707 2751 praejudicare
718 2688 784 2728 uon
797 2665 903 2743 debet,
916 2688 1013 2748 qnare
1025 2669 1212 2731 necessariae
1224 2671 1264 2732 ad
1276 2673 1408 2734 salutem

457 2770 686 2833 observationis
695 2790 758 2830 non
767 2768 846 2830 licet
856 2768 923 2829 fieri
934 2768 1152 2854 mentionem?
1167 2770 1202 2831 Si
1212 2771 1410 2854 praejudicat,

456 2891 520 2951 qua
542 2869 740 2932 conscientia
760 2868 961 2949 praestabitur
980 2889 998 2930 a
1016 2868 1129 2932 fideli?
1155 2869 1345 2951 Consilium,
1359 2873 1408 2935 in·

457 2971 541 3052 quis,
567 2969 746 3050 sapientum
773 2977 830 3043 est,
856 2978 925 3029 tum
955 2990 1012 3049 pro
1037 2970 1123 3032 bono
1148 2972 1239 3052 pacis
1264 2982 1296 3035 et
1322 2974 1408 3035 omni

455 3068 639 3151 suspicione
668 3066 809 3137 vitanda,
841 3074 907 3126 tum
943 3088 1000 3146 pro
1033 3068 1244 3149 adipiscenda
1279 3074 1410 3136 materia

456 3168 676 3251 gerendorum,
694 3175 730 3227 ut
750 3164 941 3227 necessariis
963 3176 995 3226 et
1016 3165 1126 3228 amicis
1149 3170 1285 3252 quisque
1308 3174 1410 3251 possit

456 3270 618 3333 officiosus
644 3288 722 3329 esse.
768 3264 936 3348 Numquid
963 3266 1138 3328 amicorum
1165 3280 1196 3330 et
1219 3273 1407 3348 nugantium

454 3372 656 3435 familiarium
676 3371 792 3446 farore,
814 3370 869 3451 qui
892 3389 952 3430 nos
974 3368 1178 3431 deseruerunt
1200 3370 1233 3431 in
1255 3370 1408 3444 adversis,

454 3471 684 3556 relinquendus
699 3481 747 3534 est
765 3482 855 3553 pater
870 3468 1168 3546 misericordiarum,
1183 3470 1239 3553 qui
1256 3494 1316 3535 nos
1332 3494 1407 3536 con·

455 3577 575 3639 solatus
597 3583 646 3637 est
660 3582 693 3636 et
714 3572 897 3635 consolatur
917 3571 951 3632 in
975 3570 1062 3632 omui
1081 3571 1295 3649 tribulatione,
1311 3574 1407 3637 immo

455 3696 514 3738 nec
546 3675 757 3738 tribulationis
793 3694 854 3735 nos
882 3671 1186 3755 permittit'habere
1217 3673 1406 3738 scientiam?

451 3775 599 3842 :Suadent
624 3774 677 3835 alii
702 3783 737 3835 ut
756 3773 912 3856 juremus,
935 3773 1044 3835 at‘ille
1067 3775 1234 3837 consilinm
1261 3774 1316 3837 dat
1341 3798 1406 3838 non

449 3876 600 3960 Jurandi':
628 3873 757 3936 cuinam
772 3880 866 3955 putas
884 3893 953 3934 esse
970 3872 1188 3936 credendum?
1225 3874 1298 3954 Ego
1322 3888 1406 3939 certe

452 3978 532 4047 Dei,
548 3996 606 4059 pro
621 3996 672 4045 me
687 3974 844 4037 incarnati
860 3984 891 4034 et
906 3973 1033 4051 mortui,
1045 3976 1214 4037 consilium
1230 3975 1359 4038 fidelius
1375 3989 1407 4040 et

449 4078 612 4149 salubrius
642 4074 755 4137 credo:
793 4086 826 4137 et
851 4074 941 4134 illum
970 4073 1084 4135 frontis
1106 4077 1219 4137 attritae
1245 4097 1315 4139 esse
1341 4098 1405 4139 non

451 4164 626 4259 ambigam,
642 4176 696 4259 qui
719 4196 812 4238 suum
835 4174 968 4238 duxerit,
984 4174 1225 4256 praeferendum.
1264 4178 1310 4240 Ut
1329 4196 1404 4257 ergo

454 4275 798 4361 caeteras'majoreS,·et
820 4275 879 4336 tibi
901 4284 991 4337 notas
1007 4275 1098 4337 exilii
1116 4285 1147 4338 et
1162 4275 1405 4359 proscriptionis

455 4398 583 4445 caussas
606 4386 739 4449 taceam,
758 4375 834 4458 quia
855 4396 913 4457 pro
938 4374 1064 4437 Christo
1082 4374 1262 4457 juramenta
1282 4373 1405 4439 dissua-
