3734 5484
467 799 527 857 166
724 813 859 856 tornius
876 814 1154 859 sanusnnnmnsrs
1325 796 1369 874 [a.
1388 817 1419 860 n.

467 962 687 1038 anathematis,
703 974 735 1026 et
749 962 780 1025 in
796 984 929 1046 regnum
945 964 1105 1028 interdicti
1132 965 1333 1050 promulgare
1348 986 1417 1027 sen-

468 1062 609 1142 tentiam,
621 1063 680 1126 nisi
693 1087 748 1127 rex
764 1064 847 1127 infru
860 1066 1030 1129 terminum
1047 1065 1146 1129 literis
1156 1068 1416 1150 comprehensum

466 1164 603 1228 ecclesiis
617 1164 723 1227 ablata
735 1187 807 1227 cum
819 1166 1002 1250 integritate
1014 1168 1206 1243 restitueret,
1219 1181 1249 1230 et
1262 1167 1417 1251 condigne

466 1265 669 1329 satisfaceret.
708 1266 840 1351 Scripsit
855 1289 931 1351 ergo
943 1266 1071 1329 domino
1082 1290 1184 1352 papae,
1195 1267 1416 1352 lachrymabili

464 1365 693 1451 supplicatione
708 1366 889 1450 deposcens,
906 1379 942 1430 ut
958 1389 1029 1430 cum
1047 1390 1120 1450 rege
1135 1368 1242 1431 mitius
1258 1380 1418 1451 ageretur,

465 1492 504 1532 ne
511 1481 575 1532 tam
587 1468 690 1544 illum,
702 1491 800 1554 quam
813 1469 976 1532 dominum
989 1471 1138 1533 Ottonem
1147 1469 1300 1553 collegam
1311 1492 1416 1543 suum,

464 1572 503 1634 ad
519 1569 725 1656 ignominiam
747 1583 779 1634 et
799 1570 1007 1656 opprobrium
1029 1572 1256 1657 sempiternum
1278 1571 1415 1635 ecclesiae

463 1678 629 1752 Romanae,
640 1674 724 1736 idem
742 1696 809 1752 rex,
821 1674 902 1737 sicut
913 1674 981 1757 jam
998 1672 1208 1757 disposuerat,
1221 1673 1245 1735 si
1262 1672 1292 1734 in
1309 1673 1413 1756 ipsum

462 1774 605 1861 asperius
629 1787 788 1857 ageretur,
810 1775 978 1858 conjiceret
994 1774 1025 1837 in
1050 1774 1175 1838 vincula
1191 1787 1224 1838 et
1246 1796 1414 1849 carcerem,

463 1876 519 1939 ubi
542 1886 644 1936 morte
666 1874 735 1957 ipsa
757 1872 929 1951 duriorem,
953 1874 1098 1937 miseram
1122 1887 1153 1938 et
1169 1874 1295 1938 brevem
1312 1887 1413 1939 truns-

461 1978 583 2061 igerent
604 1975 711 2039 vitam.
756 1975 863 2050 Quum
880 1997 957 2058 ergo
973 1997 1078 2058 regem
1093 1974 1153 2038 hoc
1168 1974 1326 2040 facturum
1349 1998 1414 2039 esse

460 2080 679 2163 persuasisset,
694 2074 834 2139 obtinuit
849 2074 889 2137 ad
905 2075 1148 2140 consolationem
1165 2076 1259 2160 regis,
1275 2089 1306 2140 et
1323 2077 1413 2161 quasi

462 2201 550 2243 suam
566 2191 598 2241 et
614 2177 687 2240 socii
704 2176 933 2253 liberationem,
956 2200 1019 2261 quo
1035 2176 1158 2240 facilius
1174 2177 1411 2261 egrederentur,

459 2280 645 2360 rescriptum
661 2275 881 2361 apostolicum,
898 2275 982 2360 quod
998 2288 1064 2339 tam
1079 2294 1214 2340 vestram
1232 2300 1328 2361 quam
1344 2302 1412 2342 om-

459 2380 547 2443 nium
573 2377 715 2441 fidelium
747 2387 869 2441 mentes
895 2377 1102 2441 exulceravit.
1150 2379 1212 2441 Sed
1241 2379 1412 2464 impetrare

458 2502 521 2544 non
533 2478 651 2564 potuit,
667 2491 704 2542 ut
716 2476 904 2542 tollerentur
916 2476 1026 2556 literae,
1039 2478 1157 2563 quibus
1170 2480 1316 2545 dominus
1327 2504 1411 2565 papa

459 2583 584 2647 reducit
609 2582 642 2644 in
668 2579 850 2643 memoriam
877 2580 973 2663 regis,
997 2580 1084 2665 quod
1110 2582 1219 2645 eitam
1247 2605 1288 2646 ex
1311 2582 1411 2647 literis

459 2687 538 2770 ejus,
563 2705 658 2768 quarn
680 2705 719 2745 ex
742 2681 1003 2766 promissionibus
1026 2685 1214 2747 nunciorum
1238 2683 1314 2748 data
1330 2697 1410 2748 esset

458 2798 547 2852 certa
561 2807 633 2871 spes
647 2796 679 2848 et
693 2783 810 2848 fidncia
832 2784 917 2869 pacis
933 2784 994 2848 sub
1008 2806 1046 2846 ea
1067 2786 1258 2863 conditione,
1275 2798 1311 2849 ut
1328 2807 1411 2870 saepe

458 2888 546 2952 dicto
576 2885 644 2971 regi
667 2897 777 2949 tantus
802 2885 1009 2951 exhiberetur
1035 2886 1145 2951 honor.
1192 2888 1409 2973 Supplicatum

458 3001 516 3062 est,
537 3000 573 3049 ut
591 2988 623 3047 in
647 3007 764 3047 annum
786 2988 1028 3070 protenderetur
1050 2988 1118 3052 hoec
1141 2988 1263 3065 dilatio,
1285 2989 1341 3054 sed
1364 3011 1410 3051 re-

456 3086 558 3172 pulsas
587 3098 662 3147 sunt
688 3106 808 3167 preces,
835 3087 1008 3170 apostolico
1035 3087 1159 3152 dicente
1187 3090 1309 3153 nunciis
1334 3090 1410 3175 ipsis

456 3210 488 3252 se
503 3186 535 3251 in
550 3183 640 3249 brevi
661 3196 880 3247 revocaturum
898 3185 1129 3271 indulgentiam
1151 3190 1255 3269 istam,
1270 3192 1331 3254 nisi
1351 3212 1408 3255 rex

455 3312 528 3353 cum
551 3286 787 3373 archiepiscopo
812 3285 875 3349 cito
897 3287 1008 3352 fecerit
1038 3310 1159 3372 pacem.
1206 3292 1251 3354 Et
1277 3292 1408 3377 quidem

450 3394 517 3478 jam
533 3403 681 3455 revocata
702 3400 761 3465 est,
776 3386 836 3451 nisi
855 3388 940 3452 infra
960 3401 1083 3452 certum
1101 3392 1288 3456 satisfecerit
1310 3392 1406 3458 diem.

455 3493 586 3558 Exinde
601 3492 683 3555 enim
706 3491 842 3555 liberum
858 3504 905 3555 est
920 3490 1156 3577 archiepiscopo
1173 3495 1343 3578 procedere
1366 3496 1406 3559 de

454 3596 562 3678 vigore
578 3593 752 3665 literarum,
769 3615 849 3677 quas
863 3592 968 3678 ipsum
992 3595 1138 3677 superius
1153 3593 1294 3658 diximus
1309 3594 1408 3681 impe-

454 3710 562 3760 trasse.
610 3693 691 3756 Inde
712 3704 771 3770 est,
788 3694 876 3778 quod
898 3695 1074 3759 cardinales
1094 3695 1134 3759 de
1155 3697 1303 3761 manibus
1323 3698 1408 3783 regis

454 3796 536 3860 elabi
551 3794 753 3857 festinantius
769 3798 972 3859 studuerunt.
1011 3798 1158 3863 Nuncius
1173 3798 1333 3885 supplebit
1347 3822 1407 3863 cae-

453 3909 522 3961 tera
543 3892 677 3957 dicenda
700 3892 918 3977 potiusquam
940 3895 1116 3974 scribenda,
1134 3914 1170 3961 ut
1189 3910 1220 3961 et
1241 3913 1288 3978 tu,
1303 3921 1405 3984 quum

452 3996 557 4064 omnia
579 3995 708 4069 videris,
730 3977 1081 4080 provideas'quomodo
1103 4001 1204 4083 possis
1225 4001 1406 4064 cautissime

452 4100 623 4165 ambulare.
664 4086 696 4160 Si
712 4096 792 4181 quid
808 4108 914 4160 autem
929 4096 1036 4161 adhuc
1051 4104 1222 4177 emerserit,
1237 4103 1324 4187 quod
1335 4104 1402 4188 jam

454 4202 581 4267 statutis
603 4198 803 4285 praejudicet,
819 4198 887 4275 tibi,
910 4199 981 4262 Deo
1003 4201 1218 4289 propitiante„
1231 4205 1403 4267 communi-

452 4327 523 4367 care
538 4324 600 4365 non
616 4300 768 4364 differam.

496 4409 621 4487 Regum
644 4426 707 4487 pax
731 4403 916 4487 sperabatur
939 4417 968 4467 ct
994 4405 1191 4470 tractabatur
1214 4427 1326 4490 nuper,
1348 4405 1403 4469 sed
