3734 5484
450 777 513 833 274
720 784 856 829 sonuurs
871 782 1151 829 sanusnuruausrs
1309 762 1354 842 [n.
1371 781 1404 824 n.

453 938 592 1022 regimen
615 935 706 998 electi
737 948 821 1007 sunt,
846 956 973 997 assensu
997 943 1029 996 et
1052 932 1233 997 testimonio
1258 931 1408 995 roborata

451 1051 518 1102 est:
542 1038 643 1121 ipsius
669 1058 800 1121 quoque
824 1035 915 1099 electi
937 1034 1049 1098 merita
1070 1038 1246 1099 retulerunt
1270 1032 1350 1097 tanti
1373 1043 1406 1095 et

453 1137 531 1202 tales
546 1137 617 1215 viri,
633 1150 668 1200 ut
685 1150 749 1200 tam
766 1136 807 1199 ab
827 1135 927 1199 electo
950 1157 1045 1220 quam
1065 1135 1105 1198 ab
1120 1134 1273 1200 electione
1294 1130 1407 1219 procul

456 1252 602 1302 arceatur
613 1237 715 1300 omnis
727 1236 853 1301 sinistra
868 1236 1016 1321 suspicio.
1034 1316 1038 1322 ὓ
1051 1237 1158 1313 Quum
1171 1258 1247 1318 ergo
1258 1234 1408 1299 canonica

454 1340 494 1404 sit
511 1339 622 1403 electio
644 1351 677 1403 et
698 1339 819 1402 electus
832 1338 919 1401 omni
937 1340 1119 1424 acceptione
1142 1337 1270 1419 dignus,
1286 1358 1348 1399 uon
1364 1334 1407 1398 ob

453 1440 541 1504 aliud
558 1440 640 1503 forte
655 1439 847 1503 credendum
863 1450 910 1503 est
930 1440 1010 1504 tanti
1026 1440 1128 1524 patris
1142 1437 1408 1503 consecrationem

454 1541 553 1605 fuisse
575 1540 718 1616 dilatam,
742 1540 800 1604 nisi
823 1554 860 1605 ut
882 1541 1037 1605 illustrius
1060 1542 1223 1626 splendeat
1247 1554 1278 1605 et
1294 1537 1410 1603 lortius

454 1646 577 1727 vigeat;
590 1643 1409 1727 quumasanctitatevestraacceperitfirmamentum.

455 1744 554 1808 Plura
567 1743 655 1827 loqui
671 1767 780 1807 vereor
795 1745 826 1807 in
843 1744 975 1808 auribus
997 1745 1170 1829 majestatis
1186 1755 1308 1819 vestrae,
1324 1765 1404 1826 prae-

455 1849 563 1908 sertim
579 1868 677 1928 quum
691 1847 832 1911 materiae
844 1845 1059 1909 excellentiam
1075 1845 1232 1931 deprimat
1245 1844 1336 1908 stilus
1348 1844 1407 1909 bu·

454 1945 570 2023 milior,
585 1958 617 2010 et
633 1949 673 2010 ad
695 1946 885 2033 expolienda
905 1962 1059 2033 susceptae
1074 1971 1178 2011 causae
1193 1947 1316 2024 merita,
1331 1968 1406 2031 quae

454 2071 511 2133 per
527 2072 559 2111 se
575 2062 696 2134 patent,
713 2072 801 2114 mens
815 2051 907 2136 inops
929 2063 961 2114 et
978 2052 1062 2114 victa
1082 2050 1192 2134 lingua
1211 2048 1404 2113 succumbat.

455 2150 610 2215 Pietatem
634 2165 770 2215 vestram
787 2152 897 2215 doceat
916 2150 1054 2235 Spiritus
1069 2165 1196 2215 sauctus
1211 2164 1248 2215 ut
1265 2139 1405 2213 fidelium

454 2264 528 2313 vota
549 2252 759 2335 promoveatis
781 2264 877 2336 prout
902 2250 1041 2313 ecclesiae
1067 2251 1215 2336 expedit:
1240 2265 1271 2316 et
1297 2251 1405 2314 celeri-

428 2415 436 2424 ,
455 2364 520 2415 tate
535 2351 692 2437 adjiciatis
709 2352 794 2437 quod
808 2353 909 2417 oratio
920 2376 982 2416 non
998 2354 1171 2438 praesumit.
1212 2356 1244 2418 Si
1253 2352 1405 2431 calamus,

455 2453 648 2517 serenissime
677 2467 778 2539 pater,
808 2455 953 2535 excessit,
975 2456 1151 2521 necessitati
1178 2480 1250 2542 quae
1280 2457 1406 2542 legibus

455 2555 568 2619 arctari
581 2555 692 2634 nescit,
701 2555 887 2633 ascribatur,
898 2580 960 2621 non
970 2558 1099 2622 homini.
1138 2562 1236 2644 Augu
1242 2558 1311 2625 stiae
1323 2560 1405 2622 enim

455 2671 569 2720 nostrae
592 2656 813 2742 multiplicatae
837 2673 911 2723 sunt
941 2682 1036 2744 super
1058 2683 1233 2724 numerum.
1296 2659 1405 2724 Valeat

454 2780 577 2843 semper
592 2772 623 2822 et
640 2758 744 2844 vigeat
761 2761 911 2826 sanctitas
925 2773 1038 2825 vestra.

453 3114 675 3176 EPISTOLA
693 3114 951 3180 cccxli-ro
964 3137 1173 3183 wronusuum
1185 3138 1406 3184 suuouuusum

724 3232 882 3278 Ancurae.
917 3218 1001 3295 [au.
1022 3222 1130 3301 ura]

462 3390 637 3453 Venerabili
658 3390 797 3452 Domino
818 3397 848 3453 et
862 3392 961 3454 Patri
983 3394 1145 3457 cumcuma
1170 3398 1321 3460 Willelmo
1342 3398 1407 3461 Dei

492 3494 604 3573 gratio
620 3494 798 3555 Sertorianae?
820 3494 1058 3576 Arclu'episcopo
1072 3502 1103 3557 et
1123 3498 1206 3559 sedis
1228 3501 1405 3579 apostolico

497 3596 610 3673 legato,
635 3613 717 3655 suus
745 3594 892 3657 ,loannes
920 3596 959 3658 de
984 3596 1171 3661 Saresberia
1200 3601 1348 3675 salutem,
1375 3609 1407 3663 et

488 3695 601 3775 felices
614 3715 736 3776 semper
749 3698 794 3758 ad
806 3697 950 3777 optanda
964 3717 1134 3760 successus.

499 3844 577 3908 N1s1
604 3843 745 3907 membra
774 3845 870 3928 capiti
896 3845 1094 3921 cobaeserint,
1120 3848 1259 3931 corporis
1283 3848 1405 3922 incolu-

455 3945 548 4011 mitas
563 3968 624 4007 non
641 3943 795 4020 subsistit,
807 3958 839 4008 et
854 3946 968 4008 merito
983 3946 1130 4030 publicus
1146 3949 1244 4012 bostis
1258 3950 1406 4034 arguitur

455 4045 600 4133 quisquis
615 4042 752 4108 ecclesiae
774 4044 971 4129 profectibus
989 4044 1185 4111 adversatur.
1231 4051 1314 4127 Quia
1328 4074 1406 4139 ergo

454 4171 504 4212 me
531 4151 656 4213 Sanctae
687 4145 924 4210 Cantuariensis
950 4146 1087 4213 ecclesiae
1119 4152 1308 4232 membrum,
1331 4151 1405 4218 licet

378 4287 380 4289 -
453 4250 625 4327 modicum,
641 4271 706 4312 esse
728 4261 861 4324 constat,
886 4272 1009 4313 necesse
1032 4264 1091 4330 est,
1106 4265 1140 4316 ut
1158 4253 1239 4317 votis
1260 4277 1402 4319 commu·

452 4351 546 4415 nibus
570 4374 628 4436 pro
652 4351 802 4414 facultate
827 4352 926 4415 feram
952 4351 1150 4437 suffragium,
1177 4368 1207 4419 et
1236 4368 1304 4421 tota
1331 4356 1403 4420 dili-
