3734 5484
467 798 529 855 982
721 815 856 859 ronnurs
873 817 1151 862 sanusuumunsrs
1327 804 1371 883 [a.
1391 828 1424 870 o·

469 960 626 1024 hominem
643 964 816 1040 scientiam,
833 980 863 1029 et
879 968 1097 1033 absconditam
1108 973 1227 1035 revelat
1245 972 1424 1056 veritatem,

468 1077 503 1127 nt
518 1086 555 1125 eo
578 1064 711 1129 docente
732 1068 790 1132 sibi
814 1068 940 1133 fidelius
962 1085 992 1134 et
1015 1070 1203 1136 familiarius
1226 1073 1421 1141 innotescat:

467 1178 498 1228 et
522 1179 556 1228 ut
579 1168 717 1232 arbitror
739 1170 832 1255 plane
861 1184 893 1233 et
922 1170 1015 1257 plene
1037 1173 1253 1257 deprehendet
1276 1177 1355 1261 quid
1378 1179 1422 1242 ab

467 1288 598 1333 accensa
619 1270 669 1332 vel
692 1270 826 1352 incensa,
848 1273 926 1357 quid
947 1296 966 1335 a
981 1272 1089 1359 tepida
1112 1275 1160 1337 vel
1185 1277 1323 1353 remissa,
1341 1279 1420 1365 quid

466 1370 507 1432 ab
522 1372 664 1435 extincta
678 1372 730 1435 vel
744 1373 856 1459 fugata
872 1388 903 1438 et
919 1375 1046 1460 perdita
1062 1376 1121 1440 sibi
1143 1377 1325 1462 provenerit
1341 1383 1422 1445 cari·

468 1483 542 1535 tate.
600 1473 696 1537 Absit
723 1489 826 1538 tamen
852 1489 887 1539 ut
913 1499 970 1561 per
992 1477 1220 1563 blasphemiam
1244 1494 1301 1543 aut
1322 1482 1421 1547 obsti-

467 1574 625 1637 nationem
641 1590 697 1639 aut
713 1576 965 1662 desperationem
987 1591 1043 1642 aut
1057 1578 1323 1664 impoenitentiam
1345 1606 1419 1668 pec-

465 1689 572 1740 catum
598 1676 817 1742 inremissibile
842 1679 1032 1743 commiserit
1054 1681 1128 1765 quis
1158 1684 1189 1744 in
1216 1683 1317 1763 vobis,
1343 1686 1422 1771 quia

465 1779 538 1843 licet
558 1782 591 1843 in
607 1782 702 1844 ramis
724 1781 890 1846 debilitata
912 1795 943 1846 et
960 1783 1122 1847 confracta
1144 1783 1184 1848 sit
1206 1786 1331 1861 canitae,
1348 1808 1421 1871 spes

467 1895 571 1946 tamen
587 1894 635 1945 est
650 1883 737 1967 quod
765 1896 889 1947 maneat
918 1884 949 1946 in
976 1882 1090 1959 radice,
1113 1900 1144 1948 et
1166 1884 1269 1968 rigata
1291 1899 1322 1949 et
1345 1910 1418 1974 per·

463 1983 534 2046 fusa
547 1983 800 2069 coelestisgratiae
808 1984 965 2047 imbribus
974 1983 1070 2068 possit
1080 1984 1279 2066 revirescere,
1289 1999 1321 2052 et
1333 2010 1418 2053 verae

461 2087 685 2170 compassionis
701 2100 731 2149 et
743 2086 880 2170 justitioe
898 2085 1001 2148 facere
1013 2086 1147 2164 fructus,
1163 2086 1187 2148 si
1204 2109 1258 2149 cor
1273 2089 1415 2173 posuerit

462 2190 567 2253 anima
582 2211 677 2274 super
692 2190 761 2252 vias
776 2212 859 2263 suas,
876 2189 900 2251 si
917 2189 1114 2274 poenituerit,
1131 2191 1156 2253 si
1172 2190 1298 2277 culpam
1314 2192 1415 2255 latea-

462 2307 525 2365 tur‚
542 2290 567 2352 si
581 2312 641 2375 pro
656 2289 808 2352 facultate
824 2289 1047 2353 satisfaciendo
1068 2291 1203 2357 redimat
1224 2293 1313 2379 quod
1328 2316 1416 2357 com·

461 2390 556 2454 misit.
602 2391 664 2456 Sed
689 2389 822 2455 fortasse
844 2390 976 2454 dicetis:
1008 2395 1060 2456 Tu
1091 2391 1164 2477 quis
1193 2416 1226 2456 es
1253 2407 1309 2458 aut
1339 2418 1415 2481 quae

459 2506 507 2558 est
522 2494 636 2556 domus
661 2493 760 2579 patris
786 2492 833 2557 tui
856 2492 892 2555 lb
920 2493 1031 2569 Israel,
1056 2506 1091 2557 ut
1116 2493 1278 2578 religiosos
1297 2520 1414 2582 arguas

459 2598 555 2673 viros,
578 2595 752 2682 praesertim
783 2598 815 2658 in
845 2596 1046 2659 ecclesiarum
1078 2595 1254 2661 Britanniae
1283 2599 1413 2665 cardine

459 2698 666 2764 constitutos?
691 2699 827 2760 Autnos
839 2697 917 2783 quid
927 2697 1143 2761 commisimus
1154 2698 1238 2761 unde
1249 2700 1413 2765 caritatem

458 2802 575 2889 probes
601 2799 770 2864 extinctam
799 2813 855 2862 aut
883 2799 1069 2863 remissam?
1101 2801 1175 2885 Ego
1199 2800 1329 2886 quidem
1351 2825 1412 2889 pro

458 2927 509 2967 me
543 2903 718 2988 respondeo
751 2902 838 2987 quod
866 2903 1015 2988 praemisi,
1050 2902 1128 2988 quia
1160 2902 1411 2990 proscriptorum

458 3005 578 3070 Christi
595 3005 745 3067 minimus
765 3027 845 3080 sum,
867 3017 911 3080 et,
926 3004 1015 3091 quod
1030 3028 1069 3069 ex
1082 3005 1271 3069 conscientia
1286 3005 1410 3091 loquor,

456 3129 549 3193 quem
568 3105 655 3168 zelus
670 3105 784 3168 domus
801 3107 875 3184 Dei,
887 3119 924 3170 ut
940 3107 1071 3171 alterius
1087 3129 1213 3193 parcam
1225 3107 1348 3193 judicio
1359 3110 1409 3172 vel

456 3208 564 3284 errori,
575 3209 642 3294 jam
660 3206 760 3270 multo
776 3219 918 3292 tempore
932 3210 1007 3273 fecit
1029 3210 1158 3273 exulare
1173 3210 1407 3297 proscriptum:

455 3327 487 3379 et
517 3314 586 3399 qui,
611 3323 648 3376 ut
678 3308 837 3395 propriam
868 3310 970 3374 fatear
1005 3310 1230 3396 insipientiam,
1261 3312 1410 3377 scandala

454 3418 590 3481 fratrum
607 3412 740 3500 patienti
757 3412 862 3476 animo
877 3415 945 3476 sine
959 3412 1109 3499 scrupulo
1124 3436 1249 3498 nequeo
1264 3414 1408 3478 tolerare.

453 3524 503 3583 An
529 3540 589 3581 non
612 3516 685 3580 licet
708 3515 786 3580 mihi
809 3513 984 3599 praesertim
1007 3515 1151 3598 apostolo
1180 3515 1313 3579 docente
1336 3537 1408 3599 pro·

453 3623 555 3708 priam
572 3619 727 3685 ustionem
745 3617 911 3704 deplorare
927 3618 958 3681 in
976 3617 1154 3683 scandalis?
1180 3619 1250 3681 Non
1268 3616 1340 3681 licet
1355 3640 1408 3682 co·

453 3732 644 3807 aegrotantes
667 3720 785 3803 quibus
800 3720 980 3784 coinfirmor
999 3720 1134 3784 invitare
1150 3732 1186 3783 ut
1203 3719 1322 3804 pariter
1336 3740 1407 3781 cur-

450 3845 559 3886 ramus
571 3821 611 3884 ad
625 3819 804 3882 medicum?
815 3821 964 3884 Profecto
973 3821 1102 3885 cuilibet
1115 3820 1273 3907 discipulo
1284 3820 1408 3887 Christi

450 3926 545 3991 etiam
570 3920 701 3985 minimo
717 3920 852 3982 liberum
876 3934 923 3983 est
939 3922 1008 4006 ipso
1030 3923 1204 4007 inspirante
1227 3922 1303 3986 dare
1319 3922 1407 3987 testi-

450 4027 589 4093 monium
613 4022 758 4089 veritati:
783 4044 881 4106 quam
905 4023 1051 4108 quisquis
1081 4047 1120 4087 cx
1153 4029 1224 4090 Deo
1253 4038 1313 4104 est,
1341 4048 1406 4089 non

449 4133 546 4196 modo
568 4127 735 4216 patienter,
760 4125 815 4189 sed
838 4126 975 4190 libenter
998 4125 1097 4191 audit.
1146 4126 1267 4192 Audite
1283 4139 1405 4213 ergoet

448 4258 504 4297 vos
513 4233 618 4296 animo
629 4228 763 4317 patienti
774 4253 871 4315 quam
884 4252 943 4314 ego
956 4242 1100 4315 reputem
1116 4228 1242 4313 culpam
1255 4241 1402 4304 vestram,

450 4336 536 4419 quod
548 4333 750 4420 dispendium
759 4334 912 4398 caritatis:
926 4333 1013 4419 quod
1023 4353 1135 4416 quaeso
1147 4332 1201 4395 ubi
1210 4328 1405 4417 apparuerit,

449 4436 546 4500 nolite
574 4436 660 4501 vanis
691 4436 860 4500 verborum
883 4436 968 4500 foliis
994 4434 1197 4511 adumbrare,
1229 4432 1283 4497 sed
1309 4452 1403 4515 opere
