3734 5484
483 801 543 859 126
743 811 880 856 Jonuurs
895 811 1174 857 saansaauuursrs
1334 796 1380 873 [a.
1398 814 1429 856 n.

481 964 806 1047 sipoeniterenolunt,
817 974 965 1027 ettamen
976 965 1209 1027 absolutionem
1222 964 1435 1047 importunius

480 1074 643 1147 quaerunt:
675 1063 907 1147 respondeatur
929 1065 976 1126 eis
998 1065 1030 1127 in
1054 1065 1140 1126 omni
1165 1065 1294 1128 caritate
1315 1078 1348 1127 et
1366 1085 1434 1126 mo·

480 1167 593 1244 destia,
618 1166 692 1249 quia
718 1166 788 1227 haec
819 1165 1028 1228 absolutionis
1054 1166 1155 1228 sorma
1180 1165 1375 1246 evangelicae
1402 1175 1436 1227 et

481 1268 665 1351 apostolicae
681 1266 835 1329 doctrinae
856 1267 1015 1329 contraria
1030 1278 1090 1344 est,
1106 1280 1137 1330 et
1152 1289 1224 1351 quae
1245 1269 1285 1330 ab
1302 1267 1435 1349 antiquo

482 1369 707 1453 episcoporum
735 1368 805 1430 sine
834 1367 947 1451 majori
980 1368 1166 1431 auctoritate
1195 1371 1338 1433 exerceri
1368 1392 1434 1433 non

480 1480 599 1553 potest,
610 1478 645 1531 ut
655 1469 702 1531 sic
715 1468 756 1531 ad
768 1467 977 1531 cardinalium
990 1470 1258 1534 consultationem
1270 1473 1438 1552 negotium

482 1568 644 1634 referatur.
683 1571 818 1632 Dicatur
832 1570 928 1632 etiam
945 1571 992 1633 eis
1007 1571 1092 1653 quod
1109 1574 1267 1636 absolutio
1283 1595 1348 1636 non
1365 1595 1437 1656 pro-

484 1670 567 1734 derit
592 1671 638 1734 eis
660 1670 701 1734 ad
723 1672 868 1748 salutern,
891 1671 951 1733 nisi
979 1673 1165 1753 praecedant
1190 1675 1381 1756 poenitentia
1406 1685 1438 1738 et

482 1772 643 1835 confessio
655 1780 687 1833 et
701 1770 876 1833 satisfactio
888 1790 946 1850 pro
958 1771 1116 1834 facultate.
1149 1773 1335 1855 Numquam
1351 1776 1437 1837 enim

483 1872 530 1935 sic
545 1871 749 1954 impudentes
763 1883 854 1933 erunt
868 1872 976 1951 legati,
993 1882 1027 1934 ut
1042 1873 1280 1954 impoenitentes
1290 1876 1439 1959 judicent

484 1970 705 2035 absolvendos.
750 1970 785 2033 Si
801 1991 876 2033 vero
896 1972 1114 2052 poenituerint,
1131 1983 1163 2035 et
1183 1975 1438 2039 emendationem

485 2072 615 2155 publice
632 2070 845 2153 promiserint,
856 2072 933 2133 licet
948 2072 1047 2134 abeis
1063 2073 1170 2135 cautio
1182 2086 1322 2157 nequeat
1333 2090 1437 2140 extor-

485 2174 588 2257 queri,
601 2194 663 2234 nec
685 2172 804 2233 inserta
818 2171 970 2233 mandato
993 2170 1046 2247 sit,
1061 2174 1182 2236 absolvi
1201 2176 1333 2239 sortasse
1349 2186 1440 2259 pote-

484 2283 568 2349 runt,
587 2283 623 2335 ut
643 2272 727 2353 regis
748 2280 781 2333 et
803 2271 1013 2334 cardinalium
1038 2271 1218 2353 indignatio
1241 2276 1437 2342 declinetur:

486 2375 562 2459 qnia
591 2374 737 2457 praesumi
765 2373 882 2455 poterit
908 2373 1147 2439 mandatoribus
1173 2377 1271 2441 fuisse
1299 2394 1439 2443 cantum.

484 2478 652 2539 Habentur
674 2485 791 2552 antem,
807 2475 932 2559 quoties
956 2475 1100 2553 aderunt,
1116 2473 1235 2563 ubique
1257 2490 1289 2543 et
1311 2482 1440 2562 publice

383 2581 388 2590 '
484 2577 670 2663 protestatio
693 2577 794 2640 divini
811 2577 902 2661 juris.
950 2580 1175 2658 Veruntamen,
1199 2582 1441 2665 archiepiscopo

486 2682 718 2764 displiciturum
744 2680 822 2758 scio,
845 2680 873 2742 si
898 2680 1049 2743 mandato
1076 2682 1205 2745 illorum
1227 2685 1442 2765 absolvantur,

485 2785 614 2869 quinon
624 2783 664 2846 dc
675 2793 984 2866 acceptapotestate,
994 2784 1050 2846 sed
1061 2783 1297 2849 detemeritatis
1306 2787 1443 2851 audacia

485 2884 636 2948 mandare
666 2893 865 2966 praesumunt
889 2884 1063 2967 episcopis,
1089 2906 1185 2969 super
1214 2908 1294 2969 quos
1320 2890 1441 2952 nullam

483 2986 607 3047 habent
626 2985 854 3048 auctoritatem.
898 2987 944 3047 Et
960 2984 1090 3068 quidem
1110 2988 1223 3051 merito
1245 2988 1436 3073 displicebit

486 3086 553 3149 Sed
569 3084 643 3167 quia
659 3105 720 3163 ego
735 3096 768 3146 et
782 3086 836 3147 alii
851 3088 947 3148 amici
963 3089 1007 3149 tui
1024 3088 1270 3154 cantuarienses
1284 3092 1319 3153 in
1333 3092 1443 3155 multis

484 3186 715 3270 promeruimus
731 3186 1007 3267 archiepiscopum
1024 3191 1167 3270 quamvis
1182 3190 1293 3254 laesum
1310 3193 1442 3258 confido

486 3288 553 3350 sore
567 3286 768 3370 placabilem,
776 3299 808 3347 et
819 3285 905 3369 quod
916 3288 1012 3349 nobis
1025 3288 1119 3369 plene
1129 3290 1267 3354 remittet
1278 3292 1312 3353 in
1325 3294 1443 3371 animo,
1465 3274 1468 3279 ⁸

486 3390 513 3451 si
528 3389 609 3473 quid
624 3388 657 3451 in
672 3388 734 3450 hac
754 3387 944 3451 necessitate
961 3401 1070 3451 contra
1085 3410 1119 3451 se
1141 3389 1253 3453 viderit
1268 3414 1338 3455 esse
1360 3416 1442 3477 prae·

486 3503 658 3576 sumptum.
691 3492 727 3555 Si
738 3491 887 3553 vidissem
898 3490 1041 3554 mandati
1052 3494 1443 3577 conceptionem,planior

485 3606 570 3658 esset
588 3595 639 3658 via
662 3593 798 3657 consilii,
843 3594 949 3664 Quare
972 3614 1087 3675 precor
1108 3595 1270 3669 attentius,
1286 3609 1321 3659 nt
1342 3598 1443 3680 ipsius

484 3696 615 3771 litteras,
631 3694 658 3755 si
677 3691 783 3756 adhuc
800 3686 923 3755 traditae
945 3704 1029 3771 sunt,
1046 3693 1124 3756 mihi
1149 3694 1273 3759 mittere
1287 3718 1353 3759 non
1374 3720 1442 3761 mo-

484 3796 571 3858 reris.
617 3796 687 3856 Nec
711 3794 841 3856 excidat
863 3815 883 3855 a
904 3796 1070 3869 memoria,
1093 3798 1246 3879 quoniam
1270 3799 1303 3859 in
1329 3800 1446 3864 litteris

487 3917 566 3981 quas
583 3896 751 3959 Johannes
766 3895 807 3956 de
822 3895 1044 3959 Oxenosordia
1059 3899 1174 3974 attulit,
1183 3898 1282 3982 jussit
1296 3900 1446 3967 dominus

485 4020 581 4083 papa,
596 4010 631 4060 nt
653 3998 679 4059 si
701 3998 971 4060 excommunicati
992 4011 1100 4064 essent
1114 4002 1148 4063 in
1167 4003 1279 4065 mortis
1301 4004 1445 4087 periculo

487 4100 664 4174 constituti,
695 4110 772 4162 tunc
803 4100 1042 4163 absolverentur
1077 4104 1220 4183 praestito
1251 4104 1446 4189 juramentO,

488 4202 617 4289 quodsi
636 4202 896 4264 convalescerent
916 4204 1092 4284 apostolico
1114 4217 1261 4287 parerent
1282 4206 1446 4285 mandato,

488 4306 527 4366 ln
542 4303 655 4366 litteris
671 4323 801 4386 quoque
817 4303 935 4386 quibus
951 4303 1130 4369 cardinales
1146 4308 1375 4391 praecipiuntur
1391 4330 1446 4370 eos

487 4404 639 4467 reducere
655 4404 687 4465 in
705 4406 896 4468 senteutiam
915 4406 1136 4487 anathematis,
1151 4409 1212 4472 nisi
1235 4410 1445 4473 satisfecerint
